3136 4890
245 488 303 548 208
455 502 604 548 ursrorus
627 501 786 548 uovoauu
808 501 995 548 russeus.

98 675 217 716 ¹···¹¹¹¹⁸⁰
144 671 298 792 mdus
329 670 556 739 bundoniensis,
587 669 758 730 willelmus
789 669 1018 742 wintoniensis,
1053 671 1207 732 Robertus

79 741 232 876 ΞΜ..
144 743 449 833 ὴιιιιονιΙιίιιοοῐίοῐυςίε,
481 762 653 822 Herbcrtus
682 762 895 834 Neruicensis,
920 763 1069 843 Rogerius
1099 764 1207 824 Serbe-

78 879 185 922 ..m
243 856 356 927 aiensis,
388 854 536 916 nadulfus
569 855 719 946 Rolansis,
755 854 930 917 Reinelmus
966 856 1206 929 Herolordcnsis,

243 949 392 1008 Robertus
413 948 592 1019 Castrensis,
612 947 770 1008 Johannes
800 947 1024 1021 Bathoniensis,
1055 949 1206 1009 liedulfus

179 1109 181 1112 ,
242 1041 445 1112 Cieestrensis,
466 1019 635 1116 Willelmus
663 1041 851 1103 Exoniensis
893 1041 967 1103 Istis
991 1063 1062 1124 ergo
1085 1043 1205 1104 firmato

241 1138 372 1210 consilio,
401 1144 436 1197 ut
471 1118 613 1206 diximus,
642 1136 723 1197 inter
756 1158 788 1197 se
824 1136 923 1197 visum
958 1142 1005 1199 est
1038 1137 1338 1217 Sansonemmffl

243 1227 471 1308 Wigomeusesa'
502 1228 674 1308 episcopum
709 1228 943 1300 accersiendum,
974 1235 1006 1289 et
1040 1250 1131 1310 quam
1166 1231 1204 1291 da

242 1324 361 1406 negotio
389 1323 570 1386 sententiam
601 1323 692 1384 etiam
723 1322 787 1402 ipse
818 1321 929 1384 serret¹
959 1323 1204 1406 perquirendum.

170 1454 174 1462 ·
243 1416 367 1478 Factum
390 1425 444 1487 est,
468 1423 500 1477 et
522 1418 685 1496 rospondit,
707 1417 818 1478 “Licet
841 1418 923 1480 hunc
947 1419 1000 1497 qui
1023 1420 1056 1479 in
1081 1418 1205 1498 pontili-

242 1517 257 1542 ''
278 1517 378 1572 catum
401 1510 616 1570 Eboraeensom
638 1509 750 1570 electus
771 1515 818 1569 est
839 1509 911 1569 olim
934 1531 972 1571 ex
997 1511 1125 1592 conjuge
1148 1511 1204 1570 lili·

241 1613 257 1638 ‘¹
279 1625 329 1666 um
351 1599 540 1686 susceperim,
561 1604 648 1685 cique
665 1604 759 1684 juxta
772 1604 916 1666 saeculum
939 1613 971 1667 et
991 1607 1091 1669 carnis
1112 1612 1203 1668 natu·

178 1773 186 1784 '
241 1708 258 1733 ⁴‘
279 1719 352 1778 rain·
370 1699 494 1759 lionoris
523 1717 557 1759 ac
587 1699 746 1777 dignitatis
777 1707 921 1777 provectu
948 1701 1001 1778 jus
1031 1701 1203 1779 aequissime

241 1797 259 1824 '‘
278 1790 530 1869 debeammulto
552 1790 683 1850 maxime
705 1795 807 1851 tamen
833 1789 864 1849 iil
889 1792 980 1851 matri
1009 1812 1083 1852 mem
1111 1791 1203 1853 eccle·

241 1892 258 1919 ‘⁴
278 1885 332 1947 sim
359 1883 570 1946 Cantuariensi
599 1884 693 1944 debeo
721 1904 789 1963 qum
819 1904 867 1943 me
904 1883 935 1943 in
971 1905 1040 1946 euin
1076 1884 1109 1944 in
1143 1904 1217 1964 quo

241 1985 258 2010 '‘
278 1976 509 2036 sum'lmnorem
534 1975 681 2052 provexit,
710 1981 742 2032 et
769 1976 876 2051 gratiae
904 1995 994 2052 quum
1024 1994 1043 2036 a
1071 1977 1224 2038 Domino*

242 2075 257 2099 ‘¹
277 2064 418 2128 Christo²
452 2067 564 2126 meruit
599 2086 646 2124 me
689 2085 742 2144 per
783 2064 957 2145 pontificale
999 2067 1202 2128 ministerium

239 2170 256 2193 ⁴¹
277 2157 452 2239 participem
479 2159 555 2219 lecit.
608 2159 800 2238 Quapropter
831 2167 938 2220 notum
969 2162 1109 2221 omnibus
1139 2182 1203 2223 esse

217 2260 255 2324 7⁴⁴
276 2250 352 2321 volo,
374 2271 420 2309 me
449 2258 481 2309 ot
508 2249 619 2308 litteris
646 2251 742 2328 patris
770 2252 865 2309 nostri
892 2251 1027 2311 Anselmi
1054 2252 1091 2312 ‹le
1112 2272 1203 2314 caiisa

239 2351 254 2378 ‘⁴
276 2364 345 2426 quire,
362 2363 445 2405 nunc
466 2343 545 2404 inter
566 2361 620 2404 nos
642 2343 745 2424 egitur
759 2343 848 2405 lactis
869 2345 967 2406 modis
988 2346 1128 2406 omnibus
1149 2347 1202 2408 ob·
1245 2388 1246 2391 =

238 2445 254 2469 ‘⁸
274 2436 448 2503 (editurum,
469 2454 522 2496 nec
549 2455 682 2513 unquam
706 2455 860 2495 assensum
884 2437 1084 2516 praebiturum
1115 2445 1152 2499 ut
1177 2440 1202 2499 is

238 2536 254 2561 ‘⁸
275 2529 326 2609 qui
348 2529 461 2590 electus
482 2534 528 2587 ost
549 2526 580 2586 iu
605 2527 808 2607 episcopatum
835 2528 1054 2591 Ebomcensem
1083 2531 1201 2611 aliqua·

238 2630 254 2655 “
276 2630 364 2684 tenus
384 2630 585 2695 consecretur,
607 2621 702 2683 donec
723 2623 760 2683 de
781 2622 969 2702 subjectione
994 2644 1047 2684 sua
1070 2624 1202 2687 ecclesias

174 2709 185 2790 ¹,
239 2723 254 2748 ‘⁸
274 2714 483 2776 Cantumiensi
527 2714 662 2773 debitam
701 2720 733 2774 et
768 2716 942 2776 canonicam
985 2716 1201 2778 oboedientiam

183 2824 187 2835 ·
239 2818 253 2842 ‘⁸
274 2810 458 2890 profiteatur.
511 2808 579 2888 Ipse
610 2806 690 2867 enim
722 2827 854 2888 pemsens
885 2807 928 2867 lui
959 2808 1081 2887 quando
1106 2809 1202 2873 frater

238 2910 254 2936 '⁸
274 2924 366 2973 meus,
387 2902 516 2962 Thomas
538 2898 779 2981 archiepiscopus
804 2902 1010 2974 Eboraccnsis,
1031 2903 1120 2964 eum³
1148 2925 1203 2965 an·
1236 2970 1240 2977 ,
1294 2979 1296 2981 ¹

237 3005 252 3029 ‘⁴
274 2997 367 3078 tiquis
387 2994 656 3059 consuetudinibus
679 3002 743 3055 tum
767 2993 997 3056 invincibilibus
1011 2995 1202 3079 allegationi·

238 3100 254 3123 ‘¹
275 3092 330 3151 bus
351 3099 444 3160 aetus,
464 3091 590 3151 eandem
613 3090 826 3169 professionem
858 3088 1026 3151 Lanlraneo
1053 3090 1201 3172 archiepi-

239 3191 255 3215 “
276 3203 362 3264 scopo
403 3183 615 3246 Caiatuariensi
656 3189 687 3243 ot
722 3183 840 3244 cunctis
881 3183 947 3262 ejus
982 3185 1201 3246 successoribus

239 3287 255 3312 ‘⁸
276 3278 372 3340 lecit.”
423 3278 481 3339 His
513 3278 611 3348 dictis,
643 3276 724 3339 illico
752 3277 841 3337 simul
871 3297 974 3338 omnes
1002 3278 1133 3360 episcopi
1161 3281 1201 3343 ad

239 3391 337 3452 regem
358 3372 468 3431 aei-ersi
490 3377 570 3440 sunt,
591 3377 765 3430 constanter·
785 3377 817 3430 et
838 3371 956 3431 litteras
980 3391 1070 3451 super
1090 3373 1201 3451 quibus

238 3484 335 3527 comas
366 3464 533 3532 sciscitatus
564 3463 663 3524 luerat
693 3485 730 3533 se,
754 3464 917 3545 suscepisse
949 3471 981 3525 et
1011 3472 1117 3528 contra
1151 3487 1201 3527 eas

239 3559 322 3619 nulla
343 3558 457 3618 ratione
486 3557 646 3635 quiequam
676 3567 794 3618 acturos
824 3567 997 3619 asserentes
1050 3559 1099 3620 ad
1131 3579 1200 3639 quas

238 3672 305 3715 cum
335 3652 415 3712 idem
446 3670 544 3712 comes
574 3656 666 3730 ceput
700 3652 840 3732 agitaret,
871 3659 1036 3712 autumans
1066 3652 1132 3732 jam
1167 3654 1199 3713 in

237 3747 304 3809 illos
335 3747 420 3826 quasi
450 3745 487 3806 de
519 3752 693 3825 contemptu
728 3746 807 3827 regis
838 3747 951 3809 cumen
983 3747 1200 3827 injiciendum

268 4003 352 4052 ἀί..
370 4007 418 4065 en
427 4003 518 4067 sm]
537 4003 606 4050 rens
622 4002 691 4050 mm
732 3965 885 4095 ..mm
908 3966 1013 4033 Μ’]
1037 3967 1132 4017 “⁶⁸³⁰
1147 3968 1196 4018 Β*

236 4077 294 4138 ἰΜ
303 4075 335 4124 Δ
729 4184 737 4195 .
761 4110 844 4178 len]
857 4095 957 4173 tami.
