3136 4890
234 584 293 644 266
449 592 595 637 nrsronn
616 589 773 636 novennis
795 588 829 634 tn
850 587 976 633 inens.

233 781 313 842 etque
333 773 508 832 decernimur,
530 777 561 822 ut
580 772 719 839 episcopus
743 768 836 820 ordine
856 768 1015 836 prrssnlstns
1045 770 1143 823 curent,
1164 767 1193 815 et

234 857 370 924 presbyter
390 856 433 906 rel
454 855 580 905 diaconus
600 871 628 903 so
647 851 773 903 noverint
792 868 809 902 u
829 850 885 901 suis
905 849 1043 900 ordinibus
1067 846 1191 912 dejectos.
1245 904 1254 923 ·

235 940 274 990 Iis
295 953 405 990 numero
425 943 513 987 eutem
536 935 673 995 nieorum,
695 939 750 985 nm
771 950 804 984 ox
824 932 931 998 regibus
951 946 1032 998 quum
1063 926 1190 997 principl-

234 1020 291 1082 bus,
312 1020 369 1071 sive
389 1034 487 1083 mogus
506 1018 549 1068 rel
571 1033 653 1085 pnrvu
676 1032 788 1083 persone
808 1013 898 1074 t'uerit,
919 1013 986 1065 scint
1015 1027 1044 1063 so
1066 1011 1190 1063 ‘oliennm

126 1111 130 1114 '
233 1119 250 1153 u
269 1101 473 1169 perticipationo
493 1097 617 1166 Corporis
639 1097 747 1149 Domini
768 1097 853 1148 uestri
874 1093 1070 1145 iosu'Gbristi.
1113 1093 1191 1144 Hono

233 1190 321 1236 eutem
344 1182 478 1250 privilegii
511 1182 635 1248 psginem
664 1179 802 1231 suffultum
830 1178 988 1229 auctoritato
1009 1174 1086 1228 Booti
1107 1173 1190 1236 Petri,

232 1266 411 1331 apostolorum
440 1263 579 1329 principis,
601 1256 678 1326 cujus
700 1260 850 1311 ministerio
871 1260 1020 1323 tingimur,
1042 1256 1102 1316 tibi,
1123 1255 1190 1307 'the-

233 1346 321 1406 edere,
342 1344 447 1411 tuisque
468 1344 660 1396 successoribus
675 1343 701 1393 in
724 1347 881 1410 perpetuum
895 1336 1070 1393 obtinendum
1084 1336 1191 1404 delegu-

233 1444 301 1480 mus.
343 1427 413 1479 Deus
434 1431 461 1479 te
482 1426 642 1479 incolumem
663 1423 805 1486 custodiet,
826 1421 999 1476 dilectissimo
1020 1413 1130 1479 sanir
1175 1493 1177 1496 Ι

173 1633 199 1706 t'
418 1656 545 1736 Serpirre
563 1676 650 1737 pepo
671 1654 794 1734 repsere
814 1654 999 1735 rlnplontnt

79 1792 187 1838 ΗΜ
276 1794 385 1859 Sergius
405 1793 543 1859 episcopus
563 1807 653 1842 sorrus
674 1806 810 1841 serrorum
833 1790 891 1851 Dei,
907 1787 1061 1849 Athelredu,
1075 1787 1191 1848 Allrido,

79 1839 215 1936 ffiwt]
235 1883 263 1927 et
285 1875 395 1925 siduno
416 1875 520 1937 regilius
542 1873 700 1937 Anglernni.
1203 1855 1248 1899 ¹⁸·
1256 1855 1323 1906 ’'⁸¹‘'

276 1957 381 2008 Donum
403 1957 496 2020 gratim
515 1955 661 2021 spirituulis
676 1954 747 2020 qued
769 1954 859 2007 suncti
882 1953 999 2020 Spiritus
1013 1953 1191 2004 illustratione

237 2038 353 2090 fidolium
363 2037 442 2090 cords
452 2036 598 2096 succendit,
609 2053 640 2087 se
655 2035 803 2103 reputando
810 2035 905 2096 reficit,
920 2041 948 2088 et
961 2034 1070 2089 uirtutis
1080 2034 1192 2086 mirifice

235 2121 385 2172 constentiu
399 2119 515 2179 roborat,
530 2123 558 2171 et
572 2117 718 2170 celestium
733 2117 920 2170 beneficiorum
936 2117 1056 2172 institnit
1069 2117 1191 2186 perenni·

236 2208 275 2254 lcr
289 2202 431 2269 promoturi
446 2201 582 2266 suffragio,
596 2206 625 2253 et
639 2200 785 2252 lubentium
808 2216 897 2252 rerum
920 2201 1003 2252 exitis
1015 2199 1192 2254 nihilominus
1259 2250 1261 2254 .

139 2277 144 2291 ¹
236 2300 388 2352 precavere.
431 2274 518 2348 *Quo
542 2283 584 2334 usi
606 2299 715 2335 munere
730 2283 838 2351 piototis
847 2281 906 2344 Dei,
921 2287 953 2334 ut
972 2285 1095 2350 quedem
1109 2287 1192 2335 ustro·

235 2383 294 2417 rum
308 2366 453 2418 celestium
468 2364 630 2432 splendifero
652 2364 797 2417 lumiunriu
821 2365 915 2417 mundi
941 2367 1024 2418 totius
1047 2383 1094 2436 per
1107 2365 1194 2418 umbi·

235 2456 292 2501 tum
306 2451 459 2509 renitentes,
475 2447 582 2514 gloriosi
598 2454 658 2516 post
676 2447 741 2500 ritui
762 2448 901 2516 presentis
922 2448 1011 2501 felicis
1023 2449 1111 2519 spetiu
1124 2448 1195 2501 iuter

236 2522 375 2584 numerum
389 2531 532 2583 electorum
542 2535 697 2582 mernerunt
710 2529 812 2583 sscribi.
849 2531 998 2593 Porreres,
1012 2549 1079 2599 gons
1093 2537 1194 2594 sunctu,
1254 2560 1256 2564 ·

236 2631 320 2680 genus
338 2613 461 2675 eloctum,
483 2612 596 2681 populus
616 2613 813 2680 adquisitionis,
836 2613 885 2664 lilii
910 2613 986 2676 lucis,
1008 2617 1089 2683 stirps
1109 2616 1193 2681 regio,

237 2697 297 2749 fidoi
319 2713 435 2763 propoge
457 2712 487 2746 sc
507 2697 670 2746 incremento
687 2696 828 2756 virtutum,
847 2696 961 2762 gaudeto
980 2696 1008 2748 in
1029 2698 1145 2750 Domino
1166 2702 1195 2748 ot

236 2779 362 2837 exultate,
385 2777 455 2844 qued
476 2778 557 2827 rostri
580 2793 632 2826 nou
655 2778 793 2828 immemor
807 2777 888 2828 studii
903 2780 1027 2844 egregius
1040 2797 1070 2831 su
1091 2779 1195 2846 primus

236 2861 414 2927 spostolorum
436 2859 540 2918 Petnrs,
566 2858 626 2910 lidei
649 2859 801 2910 firmissimo
828 2864 912 2926 petro,
934 2859 999 2911 dnm
1036 2860 1134 2913 mentis
1164 2877 1195 2911 oe
1266 2902 1268 2906 .

237 2943 405 2994 censcientim
426 2946 521 2992 restrm
542 2957 622 2991 consu
645 2942 760 3001 lretutnr,
781 2941 920 2992 nominum
955 2958 1061 3010 qnoque
1096 2946 1194 2994 restro·

237 3040 296 3076 rum
329 3023 509 3076 reminiscitur
533 3028 560 3073 et
581 3022 708 3086 nguescit.
750 3024 915 3074 confidimns
936 3039 1031 3091 nempe
1060 3023 1131 3092 quod
1168 3028 1197 3076 ot

239 3108 342 3158 editum
365 3105 441 3170 regui
463 3105 575 3156 cmlcstis
607 3104 717 3170 operiet,
739 3104 836 3170 quibus
866 3110 972 3157 tontum
1004 3105 1074 3158 inter
1103 3110 1196 3171 gentes

127 3232 132 3241 .
239 3188 345 3253 quibus,
367 3187 423 3237 Dee
443 3186 559 3252 auspice,
582 3185 744 3251 prmpollotis
765 3187 880 3237 furorem
902 3187 1018 3239 eontulit
1046 3187 1196 3254 dignitatis.

240 3270 275 3321 lit
296 3285 342 3320 ros
363 3267 456 3333 igitur,
478 3267 644 3317 dilectissimi
667 3284 697 3318 uo
719 3267 940 3320 christianissimi
962 3269 1021 3331 lilii,
1042 3269 1101 3336 ojus
1121 3269 1197 3322 robis

239 3350 396 3401 suctoritute
431 3349 557 3399 cellulum
589 3347 737 3399 entistitem
767 3349 957 3410 Bertnsldum,
989 3350 1092 3404 Guutlae
1127 3351 1198 3403 sedis

240 3432 379 3498 prmsulem
401 3429 534 3497 totiusque
562 3428 709 3480 Brilsnnim
740 3431 856 3495 regionis
887 3431 1005 3500 primum
1035 3433 1198 3502 pontificem,

240 3515 320 3568 slsori
343 3519 456 3581 pectore,
478 3518 621 3579 menteque
642 3511 737 3564 deret·
758 3514 894 3582 suscipito,
917 3514 1030 3568 scientes
1044 3516 1115 3584 qued
1129 3532 1197 3569 mer·

240 3597 330 3648 eedem
351 3595 487 3663 prophete
508 3594 628 3661 recipiet,
649 3595 733 3661 siquis
753 3594 825 3648 hune
847 3602 877 3648 ut
891 3597 1047 3665 prophetem
1061 3598 1198 3667 suscipiet.

241 3677 319 3730 nesi
347 3693 469 3744 spernere
500 3676 578 3727 illum
608 3676 706 3738 t'orssu,
736 3677 807 3744 quod
837 3676 917 3740 elisit,
946 3681 1017 3733 sustu
1058 3682 1197 3749 quisqusm

241 3759 372 3829 prosilist,
393 3776 446 3812 uou
467 3775 528 3811 sum
551 3758 597 3810 sed
617 3775 634 3810 u
653 3775 707 3825 quo
728 3759 825 3812 missus
844 3768 886 3814 est
899 3769 1015 3830 spernet.
1057 3763 1109 3829 Qui
1119 3763 1201 3830 juxto
1294 3755 1298 3765 '

241 3841 410 3896 Dominiosm
424 3857 516 3893 rocem
538 3856 675 3907 spernens,
698 3841 797 3909 ubsque
817 3844 873 3897 ullo
896 3844 1061 3898 sdmiuiculo
1074 3846 1200 3900 condem·

275 4130 429 4177 smum,
455 4160 460 4173 ,
484 4123 593 4186 ,fretch
610 4123 695 4174 Notis
771 4129 875 4186 ‘qu
896 4161 904 4180 .
922 4132 1199 4201 ,Μιέἰὲνᾳάκνίᾓ

245 4205 276 4253 Α,
741 4202 867 4252 uelut
1063 4217 1067 4230 ·
1127 4241 1130 4247 -
1176 4224 1180 4232 ·
