3150 4994
168 443 212 503 14
379 453 526 502 saraam
547 413 703 500 roccam(
724 451 758 499 ru
779 448 906 499 sucum.

165 643 247 705 qius
269 625 450 688 mariacum
471 626 598 706 abipso
617 631 704 706 patrc
724 624 842 687 solebat
861 622 1003 703 accipere.
1040 619 1122 682 Huic

165 718 300 800 quadam
332 719 395 782 vica
435 719 524 781 solidi
559 719 693 800 quinqua
727 717 765 780 dc
800 717 871 791 illis,
912 735 983 776 nam
1025 714 1122 775 divisa
1199 729 1201 734 ·

106 809 127 838 ’
165 833 224 893 per
250 819 415 894 temporum
442 813 524 874 viccs
546 811 788 884 conserebantur,
818 830 858 873 cx
887 813 1037 890 proeccpto
1057 807 1123 886 cjus

163 906 232 968 dati
252 911 331 967 auat
370 906 453 982 Quos
473 907 537 986 ipsa
559 905 591 966 iu
611 925 713 986 panno
733 905 844 985 ligatas
876 898 968 964 mat'ri
998 903 1124 982 loquens

162 999 197 1060 ia
232 1018 362 1071 masam,
389 999 470 1060 sicut
504 998 642 1079 putabat,
669 998 806 1060 clanculo
842 997 934 1058 dedit
978 995 1022 1056 At
1050 995 1123 1072 ipsa,

161 1090 240 1151 uin
266 1097 367 1152 menta
387 1091 515 1160 intents,
535 1090 609 1169 quid
638 1090 719 1150 tilius
750 1089 862 1152 faceret
891 1100 954 1150 r'ron
982 1086 1124 1158 advertit,
1210 1091 1213 1095 ’

161 1189 197 1244 ct
223 1184 269 1244 iu
295 1183 437 1244 nummis*
457 1180 666 1266 decidentibus
696 1182 788 1244 divisi
817 1183 857 1245 ab
885 1182 1016 1245 inviccm
1052 1185 1125 1242 suut

161 1282 262 1339 mter
280 1283 313 1339 ct
333 1276 421 1339 filius
463 1277 538 1338 Post
564 1277 629 1340 hacc
655 1277 815 1338 mandavit
839 1275 950 1337 mulier
978 1275 1041 1336 titio
1062 1293 1125 1344 suo,

161 1371 240 1434 scirc
264 1370 369 1432 volcas
388 1369 462 1451 quid
492 1371 529 1432 dc
560 1369 693 1430 nummis
723 1374 825 1432 actum
846 1369 941 1430 suerit
961 1387 1036 1447 quos
1067 1367 1125 1427 sibi
1246 1381 1248 1384 ·

161 1484 198 1524 sc
227 1464 371 1524 datarum
401 1462 611 1543 spoponderat.
666 1462 844 1522 Admiratus
865 1462 927 1532 ilic,
956 1460 1029 1522 sccit
1059 1479 1149 1520 cam¹

163 1557 269 1618 veaira
295 1556 336 1617 sd
361 1577 401 1616 aa
443 1556 484 1616 Et
503 1555 629 1617 audicus
651 1554 695 1616 rai
716 1560 860 1618 cvcntum
883 1554 980 1614 tristis
1002 1552 1126 1614 effectus
1175 1562 1176 1567 ’
1202 1594 1208 1602 .

162 1657 222 1721 at.
251 1669 313 1712 uon
341 1655 463 1711 taaurm
495 1668 549 1730 pro
577 1648 688 1710 damno
718 1648 800 1728 quod
828 1647 919 1709 matri
951 1645 1126 1727 contigerat

162 1745 219 1807 scd
246 1764 285 1806 nc
312 1743 369 1807 hoc
396 1743 637 1823 archiepiscopus
668 1743 765 1804 sciens
793 1743 832 1803 ob
862 1742 1009 1803 incuriam
1041 1761 1126 1801 suam

163 1838 305 1921 usitatus
324 1855 394 1898 cum
414 1836 606 1917 aliquatenus
636 1836 736 1918 gratia
765 1854 821 1896 sua
851 1834 992 1916 privaret.
1043 1833 1128 1894 Intcr

162 1929 233 1991 lma
262 1930 331 2010 pius
360 1933 447 2010 pstcr
477 1948 532 2010 pro
566 1948 648 1990 mora
677 1927 842 1991 claustrum
874 1927 1021 1989 introiens
1041 1927 1128 2001 sedit,

164 2043 206 2085 ac
224 2023 349 2085 intrem
377 2042 397 2084 a
428 2028 566 2084 materno
592 2022 741 2102 colloquio
776 2022 952 2083 rcdcuntcm
984 2027 1127 2083 moestum

164 2119 300 2188 intuens,
328 2116 449 2178 remotis
483 2115 560 2187 aliis,
587 2135 708 2179 causam
744 2116 898 2175 moestitim
923 2113 989 2191 ojus
1016 2121 1128 2177 secreto

164 2209 326 2292 perquirit
377 2209 482 2281 Audit,
501 2214 543 2281 ct,
570 2207 786 2288 benignissimo
807 2206 896 2268 vultu
918 2207 997 2269 sicut
1012 2207 1129 2289 jugiter
1207 2207 1212 2222 '

163 2311 237 2368 ent
256 2304 336 2366 cim
354 2303 488 2374 afflictos,
503 2304 546 2364 ita
566 2303 759 2382 rcsp0n‹lit‚‘
759 2303 820 2362 Et
838 2302 932 2373 indc,”
954 2302 1016 2362 fi1i¹
1038 2304 1128 2365 caris·

165 2398 292 2470 'sima
305 2397 514 2460 contristarunt
548 2395 696 2458 Danarics
717 2395 785 2458 illos
805 2395 888 2456 Deus
901 2395 954 2457 alii
975 2397 1129 2477 prmdcsti·

166 2500 187 2526 '¹
208 2491 299 2553 navit
317 2498 350 2552 ct
369 2490 508 2562 contulit,
529 2491 583 2570 qui
612 2491 656 2550 cis
687 2488 755 2570 plus
786 2495 881 2550 matrs
912 2495 967 2551 tua
995 2489 1130 2549 fortassis

165 2596 184 2620 '¹
208 2583 350 2664 indiguit
391 2583 476 2655 Tace,
490 2589 522 2644 ct
542 2604 580 2644 nc
600 2584 740 2662 cuiquam
761 2583 830 2642 inde
852 2582 983 2662 loquaris
1004 2583 1129 2661 diligen·
1143 2596 1253 2647 issara

166 2689 185 2713 ¹·
208 2686 257 2738 tar
277 2678 408 2737 attaadc.
448 2679 503 2746 Ac,
523 2696 562 2737 na
583 2678 664 2756 quod
691 2682 792 2736 actum
814 2682 860 2736 est
880 2677 1014 2736 animum
1044 2681 1130 2735 tuum
1446 2670 1454 2779 t

165 2780 186 2806 ‘¹
208 2770 260 2831 vei
281 2770 431 2832 modicum
451 2775 567 2850 gravat,
580 2770 690 2830 solidos
710 2775 825 2849 septum
847 2788 900 2849 pro
922 2769 982 2829 illis
998 2768 1131 2847 quinquo
1450 2792 1478 2853 μ

167 2875 186 2899 ·’
208 2864 250 2925 ad
272 2863 436 2925 utilitatem
464 2864 571 2924 matris
592 2869 653 2924 tum
676 2863 733 2924 tibi
755 2862 844 2924 hodic
864 2863 930 2923 dari
951 2863 1132 2942 praecipiam.
1454 2842 1482 2937 i}

168 2967 187 2991 '¹
210 2954 273 3018 sed
293 2963 328 3015 ut
356 2957 422 3016 dixi
454 2956 525 3016 vide
557 2954 589 3015 id
619 2975 708 3016 nemo
741 2955 842 3016 sciat.”
885 2957 989 3033 ipsum
1020 2955 1132 3033 quippo
1455 2922 1485 3033 i

169 3067 265 3109 mm
289 3047 321 3106 in
347 3046 447 3109 dando
474 3046 613 3119 habebat,
635 3054 671 3109 ut
691 3047 793 3107 danda
820 3046 958 3107 hilaritcr
986 3046 1081 3116 daret,
1101 3049 1134 3105 ct
1457 3038 1464 3071 ‘

170 3139 255 3204 nulii
275 3138 323 3200 vei
347 3141 453 3201 datum
473 3140 522 3201 vel
554 3142 656 3203 dantis
686 3160 844 3220 personam
875 3140 972 3223 cuiyis
1001 3139 1134 3200 revelare

170 3231 357 3296 emendem
400 3232 441 3292 Et
467 3231 532 3293 haec
552 3234 674 3312 quidam
696 3234 734 3294 dc
756 3234 849 3312 ipsius
878 3233 983 3292 matris
1003 3231 1135 3292 ecclesioe

171 3321 332 3385 machis
351 3322 435 3384 dicta
462 3323 532 3383 sint
574 3322 727 3399 Coetcrum
757 3323 825 3402 quis
857 3341 990 3402 uuquam
1021 3341 1136 3402 paupcr

171 3416 322 3480 dmvit
340 3416 381 3477 ad
401 3434 470 3477 cum
484 3424 517 3478 ct
529 3417 687 3498 dcspcctus
708 3420 779 3477 cstt
814 3414 889 3490 Quis
910 3417 1135 3498 peregrinorum

172 3511 216 3573 ds
245 3526 425 3592 quocunque
454 3509 559 3572 ordine
587 3509 744 3572 hominum
774 3510 864 3590 pctiit
892 3526 979 3592 apem
1010 3509 1084 3590 ejus,
1103 3517 1137 3572 ct

171 3721 228 3767 m
258 3701 436 3766 clericorum
465 3701 505 3764 ad
532 3701 631 3782 ipsum
662 3701 825 3781 aliquando
855 3701 939 3762 misit
969 3701 1135 3762 subsidium

1454 3214 1499 3569 i

172 3624 244 3668 ean
263 3609 420 3668 mantus
433 3622 495 3666 noa
507 3607 579 3666 astt
620 3603 697 3679 Qum
717 3603 909 3684 congregatio
922 3602 1136 3666 monachorum
1263 3679 1264 3682 Ἴ
1478 3573 1499 3621 θ

170 3803 288 3882 patu,
309 3803 343 3859 ct
363 3795 481 3877 copiam
502 3795 653 3877 largitatis
668 3795 733 3875 cjus
753 3793 939 3875 ultraquam
959 3795 1137 3876 sperabatur
1439 3627 1499 3904 A}

540 4034 608 4098 ψι]
621 4034 704 4088 suns,
718 4035 746 4082 s.
