3136 4890
235 578 294 641 162
446 589 595 638 srsremn
617 589 773 638 savonen
795 589 830 636 ιιι
850 586 977 637 aueum

97 771 216 818 muta·
235 770 324 824 hostes
352 775 455 822 neetms
479 768 537 835 jam
559 769 738 837 penetralibus
759 769 912 822 insistentes
932 767 1059 822 festinum
1080 772 1197 838 praeten-

235 853 283 906 das
303 853 441 905 auxilium.
484 851 560 904 Lioet
585 852 672 905 adhue
698 853 826 907 morbum
842 851 948 919 ejicere,
969 852 1042 905 dnm'
1053 852 1083 904 in
1104 867 1197 920 super·
1240 841 1271 894 ι’

105 964 108 970 -
172 984 175 990 ,
235 934 295 987 tiolo
323 935 421 986 vulnus
450 939 571 1001 apertum
598 924 725 987 videtur!
768 934 974 1001 Solonemque,
995 935 1018 985 si
1046 934 1080 986 ad
1107 934 1196 986 aedem

237 1022 311 1069 tuam
331 1017 418 1069 redire
438 1017 515 1077 reiis,
531 1016 558 1068 in
580 1023 707 1085 promptu
727 1016 836 1091 maltos,
858 1022 889 1069 nt
909 1017 996 1077 aiunt,
1011 1014 1135 1084 reperies,
1150 1015 1196 1083 qui

236 1104 323 1152 ίοοιιιιι
344 1104 433 1167 partes
454 1099 503 1152 Dei
520 1099 635 1152 viriliter
654 1099 809 1161 detondant,
824 1099 876 1150 nisi
896 1099 1065 1152 enervaverit
1083 1115 1129 1152 eos
1142 1103 1197 1151 turn

235 1182 404 1250 paternitatis
424 1182 551 1234 deiectus.
594 1183 624 1235 si
644 1181 782 1250 Anglianr,
797 1182 837 1234 uti
858 1182 1018 1244 andivimus,
1037 1180 1198 1250 suspendere
1255 1181 1258 1188 ’

235 1265 277 1316 rel
298 1265 526 1317 excommunicare
554 1265 680 1327 volueris,
701 1264 766 1333 quid
793 1280 844 1331 ego
867 1269 896 1316 et
916 1253 1035 1318 iratres¹
1054 1263 1138 1316 nostri
1159 1263 1197 1315 ia·
1264 1318 1268 1324 ,

234 1336 358 1407 eiemue,³
377 1348 422 1415 qui
451 1364 555 1416 semper
584 1347 633 1400 tibi
654 1347 772 1401 obmdir'e
793 1353 891 1415 pruneto
911 1346 1021 1410 inimus,
1041 1345 1198 1400 remendare

234 1445 324 1497 queso
343 1429 469 1497 digneris
511 1430 588 1483 vate

83 1539 186 1629 monn
276 1513 355 1578 Cum
376 1515 471 1596 igitur
491 1515 556 1578 ineo
576 1520 609 1577 ot
629 1515 776 1577 nonnulle
796 1515 864 1576 istis
884 1514 1042 1586 deteriore,
1055 1514 1199 1576 exulante

82 1589 180 1722 affl
236 1608 388 1680 Aruelmo,
423 1630 476 1690 per
510 1609 653 1690 Angliem
688 1610 804 1683 fierent,
831 1614 864 1670 et
890 1609 1014 1689 quidem
1049 1609 1198 1670 malorum

82 1681 155 1817 iffi.
236 1703 447 1784 magnitudine
476 1702 580 1766 uillioti
611 1703 674 1784 regi
704 1702 880 1765 insisterent
900 1699 965 1764 ut
956 1722 1056 1813 ipsum
1084 1699 1199 1766 scilieet

81 1820 186 1864 mas
236 1799 343 1880 patrie
365 1805 490 1880 petrem,
512 1800 563 1879 qui
589 1818 626 1861 ea
646 1798 816 1880 corrigeret,
837 1805 1009 1873 revocaret;
1040 1798 1112 1879 ipse,
1133 1803 1197 1861 tarn

180 1937 182 1942 .
235 1892 434 1972 religiositate
455 1893 513 1952 viri
544 1892 696 1963 inductus,
716 1912 807 1972 quum
838 1898 871 1952 et
900 1891 1079 1952 immanium
1104 1892 1197 1954 malo·

236 2005 304 2045 ιιιιιι
325 1985 540 2046 exuberatione
564 1986 667 2046 animo
686 1990 905 2059 constaremus,
928 1985 994 2045 fieri
1015 1985 1139 2065 quidem
1160 1985 1198 2047 do

235 2078 358 2173 reditu
356 2080 416 2139 ιι“ιί
438 2079 518 2159 qnod
551 2078 711 2158 petebatur
732 2099 763 2140 se
785 2077 916 2140 libenter
936 2078 1015 2140 vello
1035 2079 1198 2152 fatebatur,

234 2165 278 2236 sie
299 2158 401 2234 tamen
422 2179 458 2234 ut
479 2170 686 2253 paternarum·
682 2173 950 2235 eonsuetudinnm
977 2171 1056 2234 nihil
1078 2174 1136 2235 sibi
1157 2175 1198 2237 ab
1263 2202 1269 2217 ·

234 2286 270 2328 eo
289 2266 417 2329 ulterius
439 2266 576 2357 derogari
597 2267 661 2328 ulla
681 2267 799 2328 ratione
820 2273 984 2347 pateretur.
1027 2267 1126 2341 Unde,
1143 2288 1197 2329 no·

233 2358 279 2419 bis
299 2359 403 2421 adhue
421 2359 563 2440 Lugduni
584 2359 773 2440 degentibus,
794 2361 899 2423 nuncii
921 2362 1049 2422 Romanu
1069 2362 1138 2422 ub
1130 2382 1196 2442 lpso

231 2472 301 2534 rege
321 2452 429 2515 directi
450 2458 529 2525 sunt,
551 2452 604 2533 qui
625 2453 723 2514 modis
750 2453 890 2515 omnibns
914 2454 1103 2517 elaborarent
1123 2461 1327 2538 apo-mm

232 2545 373 2609 stolieum
401 2546 440 2607 ed
470 2546 527 2608 hoo
553 2547 709 2618 deducere,
731 2552 767 2607 ut
780 2546 964 2608 ‘Anselmnm
985 2548 1129 2629 angliam
1149 2570 1196 2613 ro·
1254 2560 1256 2564 “

232 2639 298 2701 dire
327 2647 359 2702 et
389 2641 480 2720 regias
501 2639 656 2703 voluntati
685 2641 807 2719 juberet
838 2641 870 2701 in
900 2643 1017 2704 eunetis
1046 2643 1136 2704 subdi
1165 2650 1197 2707 ot

233 2735 376 2795 oboedire.
418 2735 469 2794 nd
489 2735 569 2814 qued
591 2735 664 2794 dnm
685 2735 810 2795 minime
832 2735 918 2795 ilium
933 2736 1052 2797 fleetero
1066 2744 1197 2817 possent,

233 2826 313 2889 siout
333 2832 491 2900 venerunt,
513 2828 627 2906 iniecto
648 2827 777 2907 negotio,
798 2827 910 2888 revomi
932 2834 1012 2889 sunt.

79 2937 222 3026 armai
275 2921 313 2982 In
334 2921 440 2982 diebus
462 2922 522 2982 illie
537 2899 634 2983 Oualo
652 2922 808 3030 episeopus
822 2922 1034 2985 Parisiaoensis
1048 2924 1085 2985 de
1100 2924 1197 2987 Reme

78 2987 223 3125 {effigit
234 3016 359 3075 veniens
379 3017 419 3076 ad
440 3036 495 3077 nes
515 3016 657 3095 reliquias
678 3017 809 3096 eorporis
829 3016 926 3077 beatae
940 3017 1073 3078 martiris
1087 3017 1197 3081 Prisoru

232 3105 291 3167 sibi
314 3107 418 3170 Βοιιιιο
447 3109 535 3170 datas
564 3108 682 3178 attulit,
703 3115 735 3170 et
765 3109 837 3170 indo
861 3109 977 3169 mihi
969 3130 1002 3171 ιιι
1034 3111 1197 3189 praesentia

234 3201 329 3280 patris
350 3201 487 3263 Anselmi
511 3207 628 3283 partem
649 3201 872 3283 aliquantulam
893 3203 986 3267 dedit
1029 3204 1105 3278 Quia
1126 3224 1196 3285 pars

234 3295 307 3355 dum
335 3294 498 3358 admodum
528 3317 624 3377 parva
643 3297 719 3357 mihi
740 3297 807 3359 visa
827 3298 942 3370 inisset,
963 3304 1118 3378 rogantem
1147 3318 1195 3360 me

234 3393 271 3448 ut
284 3388 396 3449 donum
410 3390 538 3451 antistes
558 3393 684 3470 augeret
703 3390 866 3451 Anselmus
886 3391 1079 3473 eompesouit,
1092 3392 1195 3453 dieons

234 3481 369 3544 sufficere
397 3483 477 3562 qnod
506 3483 663 3554 habebam,
695 3483 799 3547 “Cum
828 3484 936 3557 onim,·’
961 3485 1111 3565 inquiens,
1133 3490 1196 3548 “os

235 3581 252 3607 ·‘
272 3575 371 3655 ipsum
401 3576 438 3636 de
469 3596 590 3657 οοηιοιο
620 3577 702 3637 illius
725 3579 775 3651 sit,
795 3578 890 3641 donee
910 3597 946 3641 eo
965 3579 1098 3641 caruerit
1118 3578 1196 3641 inte·

205 3671 254 3720 ·“
273 3666 416 3746 gritatem
438 3668 484 3728 sni
505 3687 567 3729 non
588 3668 720 3731 hebebit.
762 3669 954 3751 Quapropter
973 3669 999 3732 si
1013 3669 1091 3730 illud
1104 3668 1196 3749 digne
1303 3697 1304 3700 ¹

183 3837 187 3846 .
235 3765 253 3791 ‘⁴
273 3761 449 3832 servareris,
469 3767 501 3824 et
521 3761 652 3824 dominre
672 3763 758 3844 enjus
779 3770 907 3846 estque
927 3770 1013 3846 potes
1033 3763 1196 3826 dovotione

233 3860 250 3889 ‘⁴
270 3854 304 3916 iu
335 3856 389 3920 illo
419 3857 566 3931 servieris,
596 3862 660 3921 tam
690 3864 848 3940 gratanter
877 3859 968 3924 offieii
1002 3859 1050 3922 tui
1084 3878 1197 3922 munus

218 4099 220 4103 ’
251 4132 383 4194 ems..
401 4130 505 4196 erere]
522 4129 713 4267 naam-pn..
745 4133 1090 4196 ¹ersmsm11aaeqse,ra
1199 4136 1204 4146 ·

232 4206 358 4281 μμ..
745 4203 1195 4270 spernente-selenomantiae·
