3136 4890
234 497 274 559 ⁰8
448 505 600 554 ursrenra
621 503 777 555 uovoauu
798 505 834 552 ιιι
854 501 980 552 ruem

89 678 212 726 ΕΜ*
235 676 384 739 ditionem
411 677 535 738 transiit
563 674 682 737 obsidio
711 675 793 735 illius
827 674 985 735 deminum
1020 689 1133 752 papam
1167 675 1200 732 ιι

236 771 414 834 Ansclrnum
442 770 560 833 vicinos
588 766 706 840 habuit,
727 767 773 829 ita
793 770 830 829 ιιι
853 765 971 829 familia
991 765 1113 828 illorum
1134 780 1198 825 ms-

235 863 282 946 gis
303 865 459 946 videretur
479 883 541 926 una
561 881 655 943 quam
675 862 753 934 durs,
782 879 839 924 nee
866 860 955 923 facile
975 859 1077 941 quivis
1105 857 1198 922 decli·

236 962 323 1020 naret
341 958 382 1020 ad
403 976 522 1038 papam,
542 956 596 1036 qui
618 974 679 1016 nen
700 956 867 1016 diverteret
887 954 928 1016 ad
948 952 1136 1014 Anselmum.
1208 945 1322 1000 ΜΨ

276 1049 337 1112 Sed
364 1051 438 1131 quid
466 1050 596 1112 faciam?
645 1047 679 1109 si
707 1048 873 1121 dilectioni,
901 1048 927 1109 si
955 1047 1143 1121 reverentiae,
1170 1044 1197 1108 si

235 1141 342 1206 honeri
363 1144 416 1225 qui
439 1143 584 1206 Ansclmo
604 1141 646 1204 ab
672 1143 823 1206 universis
854 1143 936 1204 inter
964 1161 1041 1222 ques
1061 1161 1097 1202 ee
1121 1146 1198 1201 tem·

104 1253 107 1258 ’
235 1257 308 1319 pore
329 1236 494 1301 veniebet¹
524 1237 727 1300 exhibebatur
747 1237 906 1302 scribendo
933 1235 1112 1317 singulatim
1141 1234 1198 1295 im·

236 1333 347 1396 merari
388 1333 521 1402 voluero,
555 1351 618 1394 nen
658 1332 811 1395 immerite
852 1328 1076 1393 indiscretionis
1110 1327 1198 1410 argui

83 1431 196 1482 ΜΝ
236 1433 350 1510 potero.
367 1426 516 1509 'Tantum
532 1427 601 1490 dice
621 1427 695 1507 quia
715 1427 787 1490 lieet
806 1446 861 1488 rex
881 1425 1009 1507 Anglioe,
1027 1422 1081 1505 qui
1102 1422 1199 1497 illum,

82 1481 219 1578 m
238 1529 275 1584 ιιι
287 1521 468 1603 pradictum
488 1527 544 1593 est,
574 1520 613 1582 do
642 1540 737 1604 regne
767 1541 824 1584 sue
854 1520 982 1605 pepulit,
1002 1524 1065 1581 tam
1086 1518 1199 1580 litteris

82 1572 193 1714 a&
237 1633 329 1696 quarn
349 1614 443 1698 largis
464 1614 641 1677 muneribus
661 1635 766 1678 ornnes
787 1634 862 1695 ques
883 1619 969 1677 ratus
989 1616 1056 1675 erat
1070 1611 1098 1672 ei
1112 1631 1199 1694 pesse

82 1710 176 1754 Ν·
237 1709 421 1775 detrimento
441 1709 572 1771 existere
593 1715 721 1770 cenatus
740 1704 835 1769 suerit
854 1708 999 1769 adversus
1028 1725 1098 1770 eum
1121 1724 1199 1769 eern-

188 1884 193 1889 .
237 1821 366 1875 movere,
387 1808 491 1865 tamen
511 1801 590 1864 nihil
612 1803 750 1883 proiecit,
778 1803 854 1884 quin
878 1802 981 1883 petius
1001 1821 1041 1863 ex
1061 1799 1110 1862 his
1131 1820 1198 1881 per·

172 1941 175 1946 -
236 1897 396 1978 spiescitcr
423 1898 612 1960 intellectum
642 1915 662 1958 a
688 1895 825 1960 eunetis¹
846 1902 900 1969 est,
922 1897 1023 1958 virum
1051 1895 1197 1977 simplicis

230 1989 363 2068 justitiae
375 1990 457 2051 viam
474 1995 584 2060 tenere,
606 1995 639 2050 ιι
658 1990 782 2050 omnino
802 1994 908 2051 eontra
927 2008 1049 2068 aequum
1067 1987 1198 2070 fatigari.

155 2128 157 2132 .
236 2081 398 2147 Nemeum
420 2083 530 2144 litterae
551 2103 620 2162 quar
640 2082 765 2146 ‹lireetae
778 2082 902 2145 fucrant
921 2082 1038 2145 nullam
1060 2082 1118 2164 ipsi
1135 2103 1198 2164 qua

107 2237 110 2241 ,
152 2179 160 2186 ’
231 2175 301 2257 jure
334 2176 421 2258 argui
456 2181 558 2257 posset
587 2174 707 2256 eulpam
737 2176 896 2239 referende
924 2176 1113 2249 inveherent,
1142 2196 1198 2241 nee

118 2288 121 2346 ᾗ
236 2269 346 2332 lateres
366 2290 471 2331 earum
492 2269 644 2332 alitteris
666 2269 740 2350 ipsis
760 2271 864 2352 pejora
885 2270 1013 2334 dicende
1040 2272 1198 2333 dissentir-

235 2369 296 2436 ιιι,
316 2363 432 2425 sactum
453 2368 500 2426 est
520 2369 557 2425 ut
587 2370 620 2427 et
640 2363 700 2425 viri
716 2365 848 2446 justitiae
868 2364 986 2427 firmius
1014 2365 1197 2442 crederetur,

113 2490 116 2497 ,
232 2461 266 2518 ιι
288 2457 442 2538 injustitia
465 2457 598 2518 hominis
619 2477 688 2519 eum
708 2478 770 2521 nen
791 2479 879 2540 oequo
896 2459 1015 2540 judicie
1036 2459 1197 2542 fatigantis

232 2549 328 2630 magis
341 2570 378 2613 ac
390 2550 487 2630 magis
502 2551 659 2632 publicata
668 2551 878 2615 detestaretur.
914 2554 1035 2635 Quique
1049 2555 1197 2635 igiturex

230 2640 289 2707 hee
309 2643 392 2706 iliius
413 2649 572 2725 coeperunt
585 2665 684 2708 cauare
699 2646 809 2723 favere,
831 2646 914 2708 illius
934 2648 1100 2722 commodo,
1114 2648 1197 2712 illius

230 2732 347 2808 honori,
368 2757 400 2798 se
421 2757 535 2818 sueque
556 2758 611 2818 pro
631 2743 705 2800 vote
732 2740 874 2802 certatim
896 2741 1080 2821 impendere.
1122 2742 1196 2804 Dux

181 2888 183 2910 ¹
231 2827 296 2910 ipse
316 2829 356 2893 ad
381 2851 470 2912 quem
492 2833 558 2914 ipsa
579 2833 725 2896 mandata
745 2855 808 2915 prus
837 2835 954 2898 ιιιιιιὶι
974 2837 1040 2900 lata
1059 2837 1196 2914 fuerunt,

181 2929 183 2935 '
231 2939 292 2984 nen
320 2925 517 2987 consideratis
545 2926 597 3000 cis,
626 2933 744 3006 patrem
767 2929 873 2991 multis
903 2932 1043 3012 precibus
1072 2934 1111 3008 ad
1138 2933 1196 2997 hoc
1241 2928 1244 2935 ’

231 3014 349 3080 flectere
369 3019 454 3080 nisus
474 3026 522 3083 est
541 3022 688 3101 quatinus
712 3043 814 3086 secum
833 3023 1011 3105 dignaretur
1031 3045 1196 3100 remanere,

208 3115 264 3202 *et
284 3111 415 3192 optimas
436 3119 585 3176 terrarum
610 3134 735 3178 suarum
767 3123 831 3180 tarn
860 3117 894 3179 in
921 3119 1006 3180 villis
1037 3141 1129 3202 quam
1160 3121 1195 3183 in

231 3206 363 3266 ιιιιοιιιι
387 3228 440 3268 seu
467 3211 648 3272 civitatibus
672 3213 767 3292 juxta
795 3213 974 3276 electionem
1003 3236 1090 3278 suam
1114 3217 1195 3279 dene

231 3296 372 3379 accipere,
397 3320 506 3382 casque
534 3303 568 3364 in
589 3324 662 3365 usus
682 3325 753 3368 sues
773 3325 958 3390 suorumque
979 3308 1053 3370 dum
1074 3309 1195 3373 viveret

231 3392 353 3470 proprie
369 3393 438 3472 jure
459 3398 621 3460 vindicare.
663 3399 765 3461 Aliter
785 3402 882 3483 igitur
894 3402 1053 3467 molimina
1066 3405 1146 3485 regis
1159 3405 1193 3467 in

76 3489 206 3579 ff*
230 3482 410 3546 Anselmum
430 3496 639 3569 processerunt
659 3511 694 3555 ae
715 3493 780 3576 ipse
804 3500 900 3557 ratus·
920 3495 1027 3558 fuerat
1070 3497 1192 3562 Obsidi-

75 3537 213 3675 iba-&⁸⁰
230 3596 288 3640 ene
309 3579 419 3644 dehine
439 3584 546 3656 seluta,
566 3587 729 3649 Αιιιιιιιιιι
748 3608 819 3651 curn
838 3608 919 3671 papa
942 3590 982 3651 ed
1003 3591 1192 3659 Averaanam
1203 3597 1312 3650 ΜΝ

229 3670 387 3735 deitatem
401 3675 495 3737 vadit
538 3678 622 3758 Papa
633 3680 799 3755 civitatem,
812 3682 976 3746 Anaelmus
994 3685 1092 3749 multa
1105 3707 1192 3768 prece

230 3763 380 3826 invitatus
406 3766 560 3831 abbatiam
582 3771 687 3837 Sancti
708 3774 867 3840 Laurentii
887 3774 1064 3860 hospitandi
1090 3780 1192 3863 gratia

227 4087 682 4155 ιιιιιιιιιιοιωροιιιιιιιιιιιιμ.
782 4157 787 4167 ,
