3136 4890
184 506 228 563 18
404 514 552 564 HISTORIA
572 515 730 563 NOVORUM
751 516 786 562 lli
807 513 934 562 mutis.

186 689 320 767 urgeret
346 686 373 747 ci
404 688 547 748 interesse
582 685 673 747 moris
707 704 768 747 non
803 691 876 746 orat
918 683 982 765 Ipsi
1011 703 1082 764 ergo
1116 682 1150 744 in

186 799 310 842 cernere
329 779 450 843 lectioni
480 780 594 842 divinoe
625 784 772 860 occupato
799 779 874 859 quid
903 784 1023 859 gestum
1054 777 1150 839 fucrit

187 873 360 936 nunciatur.
400 875 445 933 At
464 871 515 934 ille
535 873 579 933 nil
601 872 689 934 cordo
704 872 883 953 perterritus
904 872 988 934 dicto
1006 871 1149 933 adverse·

186 967 303 1027 riorum
323 985 384 1027 non
404 971 484 1041 recte
514 965 691 1047 processisse
721 965 860 1038 asseruit,
880 968 913 1027 ct
929 963 1010 1028 ‘ideo
1040 969 1150 1028 cuncto

186 1058 400 1120 incrastinum
414 1056 626 1122 discutionde¹
640 1059 791 1123 induciari
806 1059 957 1141 proecepit
1000 1057 1148 1139 Sequenti

186 1157 276 1214 nocto
290 1151 377 1214 edest
405 1152 438 1214 in
451 1152 519 1214 visu
542 1153 676 1216 antistiti
691 1154 805 1215 Bcetus
820 1153 1008 1226 Duuctonm,
1022 1171 1149 1214 monens
1161 1159 1273 1212 nnn

186 1265 227 1306 no
247 1245 334 1307 illum
361 1246 528 1310 multitudo
556 1247 725 1321 conturbet,
757 1247 810 1310 sod
839 1247 877 1310 do
906 1246 1070 1329 presentis
1098 1245 1147 1310 sui

186 1358 309 1404 securus
329 1340 474 1422 plscitum
495 1360 584 1404 meno
617 1343 747 1424 ipsemet
775 1341 881 1405 hilaris
913 1341 1014 1405 intret
1057 1342 1147 1419 Quod

186 1440 220 1497 ct
239 1435 320 1498 lecit,
363 1436 440 1499 Suus
461 1437 565 1517 ithue
579 1456 684 1499 cousm
714 1437 845 1517 quodum
866 1437 1000 1514 exordio,
1020 1436 1107 1517 quusi
1128 1454 1149 1498 s

187 1530 278 1591 robus
306 1550 374 1611 qurc
407 1536 547 1594 trectetae
580 1532 702 1594 suerunt
735 1530 785 1592 vel
820 1530 989 1594 troctundae
1023 1531 1147 1612 ponitus

187 1623 295 1695 olicno,
315 1625 431 1687 cunctis
451 1626 654 1706 stupentibus,
675 1644 768 1697 orsus,
790 1625 835 1687 ito
855 1625 1001 1707 processit
1022 1630 1058 1686 ut
1079 1644 1148 1704 qum

88 1761 96 1769 ·
187 1737 280 1798 super
292 1739 361 1780 eum
382 1719 479 1800 pridie
499 1719 582 1784 dicto
595 1721 720 1781 luerunt
740 1720 783 1782 sic
802 1720 979 1782 devinceret
998 1724 1031 1781 ct
1044 1718 1150 1780 inanis

186 1832 252 1874 csso
287 1819 474 1887 monstraret,
509 1818 546 1877 ut
580 1815 674 1879 donec
708 1813 781 1877 vitoe
820 1814 962 1896 proeeonti
997 1813 1149 1896 superfuit

186 1907 291 1967 nullus
311 1912 470 1990 exurgent
483 1910 537 1991 qui
558 1910 629 1971 indo
648 1915 755 1973 contro
775 1929 845 1971 curn
865 1930 899 1971 oe
919 1908 1058 1989 operiret.
1100 1909 1148 1970 Do

186 2001 235 2062 bis
256 2003 307 2064 ito.

228 2094 326 2175 Super
344 2095 416 2170 hmo,
430 2096 494 2156 suis
507 2115 625 2177 quoque
640 2102 672 2157 ct
685 2096 797 2157 eisdem
813 2096 908 2157 ferme
922 2095 1029 2156 diebus
1043 2114 1146 2157 omncs
1232 2080 1236 2086 ¹
1276 2089 1293 2151 f

184 2188 304 2252 circiter
323 2189 374 2271 qui
405 2209 444 2250 ex
465 2188 593 2252 clericuli
625 2189 730 2252 ordine
752 2208 805 2270 per
835 2209 936 2270 rcgcrn
959 2187 1145 2250 Willelnrum

184 2283 218 2342 in
239 2282 351 2361 Anglis
370 2283 529 2344 constituti
550 2285 707 2364 pontifices
727 2287 815 2345 erent
845 2283 1008 2345 monochoo
1039 2284 1145 2362 quiin

184 2374 337 2436 nonnullis
357 2375 579 2457 episcopatibus
601 2376 720 2458 Anglias
740 2375 780 2437 eb
800 2375 929 2454 antiquo
950 2375 1047 2436 vitem
1076 2396 1146 2457 uge-

184 2469 260 2530 bunt
281 2470 351 2531 inde
371 2470 526 2532 climinare
558 2469 657 2532 moliti
686 2475 821 2542 suntet
852 2489 903 2551 re
886 2491 950 2531 vern
984 2471 1083 2551 ipeum
1113 2470 1147 2532 iu

14 2575 132 2619 mm
183 2561 241 2625 boc
260 2562 318 2623 sibi
338 2569 570 2625 consentaneum
591 2564 761 2626 elicuerunt.
804 2563 842 2623 In
873 2584 933 2642 quo
963 2569 1083 2625 tanturn
1115 2584 1147 2625 so

15 2620 165 2710 mie*
184 2655 293 2717 cil'ectu
315 2656 465 2737 potituros
485 2657 559 2718 certi
592 2676 630 2716 ex
632 2656 768 2728 titcrnnt,
789 2661 826 2715 ut
846 2655 1053 2718 Wulchelinuc
1081 2657 1146 2738 epi·

16 2712 167 2847 Ὕρῖ
183 2769 291 2832 scopus
310 2751 459 2814 edunetos
480 2770 556 2832 pone
577 2749 779 2831 quodraginta
799 2749 921 2813 clericos
934 2752 1146 2814 canonicorum

15 2854 110 2943 :a
185 2863 267 2904 moro
287 2851 412 2905 tonsum
431 2864 467 2906 oc
487 2851 572 2905 veste
593 2844 750 2904 redimitos
781 2842 915 2914 hoborct,
937 2864 1018 2924 quoe,
1040 2844 1145 2923 ejectis

183 2938 345 3013 monachis,
359 2939 518 3002 Wentunrc
539 2937 670 3000 ccclesiae
692 2938 741 3000 cui
762 2937 945 3018 pncsidcbot
965 2958 1037 3000 mox
1050 2937 1145 2999 intro

135 3044 138 3050 '
184 3032 327 3094 mitteret.
369 3034 441 3096 Sols
461 3052 546 3095 mors
566 3032 631 3095 brec
651 3032 814 3114 peragendi
836 3032 971 3093 nondum
999 3031 1146 3113 requisitu

183 3126 227 3187 sb
253 3126 474 3208 archiepiscopo
504 3127 673 3188 Lunsrunoo
704 3126 827 3186 licentis
857 3126 924 3188 luit.
965 3125 1013 3188 Ut
1042 3131 1145 3187 sutem

182 3239 251 3281 com
273 3220 354 3284 dicto
374 3207 604 3303 quoque'citius
635 3221 811 3300 impetremt
838 3219 925 3281 nulls
953 3219 1048 3281 menti
1079 3219 1145 3300 ejus

183 3313 337 3377 dubitatio
357 3314 464 3377 inerst
505 3314 566 3376 Sed
587 3314 677 3376 alitor
696 3334 732 3377 sc
752 3313 810 3375 sibi
832 3334 917 3376 mens
937 3334 993 3377 suo
1013 3332 1144 3396 spopon·
1223 3334 1225 3337 ·

178 3407 272 3496 derst
291 3407 391 3469 exitus
421 3407 465 3468 rei
493 3406 642 3488 provenit.
684 3406 765 3468 Nem
796 3406 850 3468 ubi
881 3408 955 3487 quid
986 3408 1143 3489 opiscopus

181 3501 342 3565 moliretur
362 3501 499 3565 insonuit
519 3500 643 3563 curibus
656 3500 730 3582 ojue,
745 3499 824 3565 illico
844 3501 961 3565 focinus
975 3500 1143 3575 oxhonuit

179 3616 239 3660 neo
272 3618 304 3660 se
337 3598 411 3659 dum
442 3597 562 3658 vireret
591 3601 627 3657 ut
657 3595 796 3658 effectum
827 3597 1038 3678 quoquomodo
1072 3596 1143 3660 telis
1215 3598 1224 3620 ⁶

179 3690 351 3750 voluntetis
371 3689 524 3751 obtineret
543 3706 757 3750 consensurum
777 3689 912 3749 essemit
954 3690 1006 3751 Its
1024 3692 1143 3769 ergoet
1187 3754 1189 3761 ,

178 3779 283 3846 elerici
304 3781 356 3868 qui
370 3781 528 3850 succedere
548 3779 703 3843 monachis
716 3780 837 3843 fuerunt
851 3800 905 3863 per
918 3780 1142 3846 Wslchelinum

174 3874 299 3943 collecti
332 3875 365 3938 in
393 3874 469 3939 sus'
496 3874 613 3937 dimissi
634 3879 718 3949 sunt,
738 3879 770 3936 et
798 3873 937 3937 monachi
964 3875 1018 3957 qui
1035 3873 1139 3938 oedem

615 4032 792 4044 ..n-——n

171 4102 519 4189 'rmus-June.
658 4124 664 4186 ι
705 4122 988 4187 mmmm-‚s
