3136 4890
241 488 301 549 112
453 498 603 548 merom
623 495 782 548 uovorum
802 496 838 546 nc
858 491 987 546 Alium.

102 675 216 724 Β*
241 675 402 759 impetrare
430 676 641 760 potuissemus,
669 672 870 737 remansimus
901 673 1006 734 Βοωω
1036 688 1133 751 usque
1160 667 1201 730 cd

240 770 424 852 prefinitum
445 774 565 850 tompus
589 767 719 840 concilii,
743 765 888 831 continue
913 765 992 829 eires
1014 782 1125 847 pepem
1149 761 1201 824 de·

239 870 353 947 gentes,
381 867 414 927 et
447 863 534 945 qussi
570 864 603 923 in
630 880 790 925 commune
805 861 968 924 viventes.
1024 858 1090 922 Nec
1117 857 1200 921 enim

239 958 316 1030 duse,
337 957 390 1020 sed
417 956 665 1020 uncevldebetur
691 956 850 1018 emborum
881 953 967 1017 curie
994 972 1068 1016 esso.
1108 950 1201 1014 Unde

239 1051 355 1134 etipse
378 1068 459 1133 pepo
486 1049 661 1131 {requenter
686 1049 728 1112 sd
756 1047 936 1111 Anselmum
956 1045 1110 1119 veniebat,
1129 1043 1209 1107 lece

237 1166 307 1211 oum
334 1165 371 1209 eo
398 1164 462 1207 sose
489 1144 616 1227 egendo,
643 1148 676 1207 et
702 1143 819 1208 curium
845 1142 875 1206 ei
903 1136 1061 1205 ssciendo¹
1104 1138 1200 1201 Dedit
1247 1139 1251 1146 ”

237 1259 357 1320 quoque
377 1238 424 1299 illi
445 1236 614 1319 hospitium
642 1238 757 1318 inquo
783 1234 1047 1307 convcmobemur,
1071 1251 1107 1296 eo
1126 1232 1198 1313 jure

238 1339 275 1395 ut
295 1333 322 1394 si
344 1331 509 1413 eliqusndo
523 1330 652 1395 Romam
674 1331 795 1404 rediret
810 1335 917 1394 contre
934 1347 1038 1391 omnes
1060 1326 1198 1389 homines
1244 1337 1247 1351 ·

239 1425 316 1488 illud
343 1424 402 1486 sibi
424 1424 603 1486 vindicaret
647 1424 717 1504 Ipse
744 1424 778 1483 in
804 1426 958 1486 conventu
984 1419 1144 1492 nobilium,
1166 1418 1200 1479 in

239 1516 487 1601 processionibus,
524 1517 558 1579 in
591 1514 784 1588 stationibus,
816 1535 935 1598 sompes
971 1518 1005 1578 et
1037 1512 1152 1593 ubique
1180 1531 1201 1576 s
1230 1553 1244 1570 ·.

239 1632 320 1695 pepe
349 1611 499 1675 secundus
532 1617 607 1684 erut,
635 1631 698 1693 prce
731 1610 850 1674 cunctis
877 1610 1054 1682 honoretus,
1081 1606 1201 1670 cunctis

239 1710 387 1788 acceptus,
408 1711 440 1768 ot
460 1706 526 1786 ipse
545 1705 663 1767 cunctis
682 1702 812 1785 simplici
825 1703 1001 1767 humilitate
1014 1700 1200 1764 summissus.
1211 1701 1333 1756 ΒΜ*

84 1816 220 1907 ww
281 1799 359 1863 (lum
380 1819 453 1861 vero
473 1798 513 1860 cd
541 1797 704 1862 concilium
724 1801 852 1859 ventum
882 1801 969 1870 esset,
989 1801 1031 1871 et,
1051 1791 1200 1877 episcopis

85 1910 206 2007 Ψ
238 1889 1199 2066 llu‘ltltldllll,'sittim‘ll
1265 2054 1267 2058 J

238 2081 358 2145 sudisse
383 2079 431 2142 vel
454 2079 567 2141 vidisse
590 2077 849 2159 archiepiscopum
871 2077 1124 2141 Centusriensem
1138 2080 1199 2143 Ro·
1305 2145 1311 2154 ,

238 2194 328 2239 meno
359 2174 487 2239 concilio
519 2172 649 2237 sntchcc
685 2172 859 2236 interfuisse
890 2173 1013 2250 diceret,
1040 2174 1092 2238 vel
1123 2175 1199 2240 scire

237 2290 298 2352 quo
325 2276 398 2334 tunc
425 2269 458 2331 in
485 2267 550 2332 loco
577 2267 681 2330 sedere
701 2267 844 2344 deberet3
871 2287 910 2330 ex
931 2274 1083 2350 praecepto
1110 2289 1200 2352 pepoe
1309 2268 1312 2275 ’

238 2365 271 2425 in
293 2383 403 2428 corone
429 2364 515 2426 sedes
542 2362 588 2424 illi
611 2361 712 2443 posite
733 2366 789 2435 est,
811 2362 865 2443 qui
887 2361 970 2426 loeus
993 2382 1056 2426 nou
1077 2364 1199 2428 obscuri

236 2457 360 2522 honoris
380 2455 491 2520 in'tsli
516 2463 669 2521 conventu
690 2456 768 2519 solot
791 2456 904 2520 heberi
946 2456 1049 2540 Igitur
1068 2458 1142 2520 dum
1165 2459 1200 2522 in
1237 2472 1243 2483 ·
1285 2449 1292 2458 ’

238 2541 303 2634 ipso
329 2551 457 2616 concilio
477 2551 576 2612 multe
595 2554 808 2624 tractarentur,
836 2549 935 2613 multe
956 2550 1198 2634 disponerentur,

237 2646 335 2708 mrrlte
361 2646 516 2707 observari
544 2644 800 2719 decernerentur;
827 2663 884 2706 nec
908 2649 1012 2707 tumen
1037 2647 1076 2708 eb
1100 2648 1197 2708 omni·

237 2738 304 2810 bus,
330 2738 443 2820 purtim
470 2748 594 2820 propter
622 2743 791 2800 conventus
822 2738 1065 2813 immensitstem,
1087 2742 1199 2822 purtim

236 2839 360 2916 propter
377 2834 560 2896 intrantium
574 2839 606 2895 et
626 2833 804 2895 exeuntium
822 2852 843 2895 e
862 2851 986 2914 corpore
1002 2833 1090 2896 Besti
1115 2834 1199 2898 Petri

236 2929 396 3009 strepitum
410 2934 442 2992 et
455 2928 725 3010 concrepationem,
739 2928 819 2991 clem
841 2927 1085 3009 intelligerentur
1095 2945 1112 3005 ;'
1122 2950 1199 3011 prm·
1239 2946 1243 2954 ·

236 3024 317 3104 cepit
336 3025 400 3104 ipse
422 3023 602 3104 pontificum
623 3043 760 3084 summus
782 3022 909 3085 Lunensi
937 3022 1086 3105 episcopo,
1107 3023 1200 3086 Reiu-
1264 3031 1266 3036 ’

135 3183 137 3187 ,
236 3136 307 3197 gero
336 3117 468 3189 nomine,
500 3117 647 3195 quatinus
676 3117 710 3177 in
740 3116 842 3178 medio
872 3116 989 3180 cseteris
1017 3117 1200 3181 eminentior

236 3214 339 3282 steret,
360 3230 396 3275 sc
416 3230 606 3291 sonoraque
632 3209 769 3292 pollebat
789 3230 862 3275 voce
883 3231 952 3292 qum
973 3215 1092 3274 sictutu
1112 3216 1200 3275 orsnt

237 3309 413 3367 cunctorum
445 3304 570 3368 curibus
604 3324 745 3387 expresse
779 3303 950 3385 deponeret.
1006 3303 1098 3368 Peret
1134 3306 1200 3388 ipss

79 3411 217 3508 P&
238 3397 427 3479 presidentis
447 3398 582 3481 imperio.¹
623 3399 746 3471 Verum,
766 3398 921 3461 nonnullis
941 3398 981 3461 eb
1000 3419 1037 3463 eo
1057 3399 1199 3482 capitulis

81 3510 175 3563 m
238 3491 272 3554 iu
302 3493 459 3556 sudisntis
489 3493 625 3556 omnium
654 3492 765 3555 diserto
794 3491 950 3575 expositis,
971 3493 1082 3568 subito,
1102 3493 1199 3556 edmi·

222 3587 376 3666 ¹rsutibus
408 3587 534 3660 cunctis,
569 3589 668 3660 vultu,
703 3606 776 3650 vocs
799 3603 846 3650 'so
876 3592 964 3669 gestu
998 3586 1131 3669 corporis
1165 3587 1199 3649 in

236 3680 331 3743 elium
350 3678 491 3742 hobitum
509 3681 686 3743 demulctus
706 3687 760 3743 est
796 3680 888 3744 Unde
904 3702 1027 3745 suorum
1047 3682 1199 3745 luminum

235 3773 300 3839 scic
320 3774 353 3836 in
373 3773 627 3838 oucumsedentes
647 3774 770 3848 directe,
791 3774 962 3840 vulnemtm
982 3771 1095 3841 mentis
1115 3777 1199 3842 dolo-

236 3891 299 3934 mm
332 3871 413 3933 ultro
442 3869 633 3935 dissimulem
660 3890 722 3934 non
748 3873 858 3952 potuit
899 3872 1004 3956 Rupis
1030 3873 1128 3954 igitur
1146 3872 1199 3936 de·
1277 3883 1286 3891 ·

570 4097 942 4163 ¹cifsciadcllsciodcss.
