<?xml version="1.0" encoding="UTF-8"?>
<!DOCTYPE html PUBLIC "-//W3C//DTD XHTML 1.0 Transitional//EN"
    "http://www.w3.org/TR/xhtml1/DTD/xhtml1-transitional.dtd">
<html xmlns="http://www.w3.org/1999/xhtml" xml:lang="en" lang="en">
 <head>
  <title>
</title>
<meta http-equiv="Content-Type" content="text/html;charset=utf-8" />
  <meta name='ocr-system' content='tesseract 3.04.00' />
  <meta name='ocr-capabilities' content='ocr_page ocr_carea ocr_par ocr_line ocrx_word'/>
</head>
<body>
  <div class='ocr_page' id='page_1' title='image "./eadmerihistoria00eadmgoog_0358.png"; bbox 0 0 3136 4890; ppageno 0'>
   <div class='ocr_carea' id='block_1_1' title="bbox 249 585 993 644">
    <p class='ocr_par' dir='ltr' id='par_1_1' title="bbox 249 585 993 644">
     <span class='ocr_line' id='line_1_1' title="bbox 249 585 993 644; baseline -0.009 0"><span class='ocrx_word' id='word_1_1' title='bbox 249 585 308 644; x_wconf 91' lang='grc'><strong>222</strong></span> <span class='ocrx_word' id='word_1_2' title='bbox 462 594 610 643; x_wconf 81' lang='lat' dir='ltr'><strong>rnsroma</strong></span> <span class='ocrx_word' id='word_1_3' title='bbox 632 593 788 640; x_wconf 83' lang='lat' dir='ltr'><strong>uovoamr</strong></span> <span class='ocrx_word' id='word_1_4' title='bbox 809 592 844 639; x_wconf 83' lang='lat' dir='ltr'><strong>m</strong></span> <span class='ocrx_word' id='word_1_5' title='bbox 865 588 993 639; x_wconf 74' lang='lat' dir='ltr'><strong>austra</strong></span> 
     </span>
    </p>
   </div>
   <div class='ocr_carea' id='block_1_2' title="bbox 80 761 1339 3925">
    <p class='ocr_par' dir='ltr' id='par_1_2' title="bbox 80 761 1339 3925">
     <span class='ocr_line' id='line_1_2' title="bbox 104 761 1208 853; baseline -0.004 -22"><span class='ocrx_word' id='word_1_6' title='bbox 104 761 225 853; x_wconf 50' lang='grc' dir='ltr'><strong>Ἓξ*</strong></span> <span class='ocrx_word' id='word_1_7' title='bbox 246 789 294 831; x_wconf 89' lang='lat' dir='ltr'><strong>res</strong></span> <span class='ocrx_word' id='word_1_8' title='bbox 324 769 465 850; x_wconf 75' lang='lat' dir='ltr'><strong>exigebat</strong></span> <span class='ocrx_word' id='word_1_9' title='bbox 485 769 607 830; x_wconf 88' lang='lat' dir='ltr'><strong>sedulus</strong></span> <span class='ocrx_word' id='word_1_10' title='bbox 626 765 866 828; x_wconf 80' lang='lat' dir='ltr'><strong>administrabat</strong></span> <span class='ocrx_word' id='word_1_11' title='bbox 909 765 951 826; x_wconf 88' lang='lat' dir='ltr'><strong>Et</strong></span> <span class='ocrx_word' id='word_1_12' title='bbox 971 763 1036 826; x_wconf 76' lang='lat' dir='ltr'><strong>hasc</strong></span> <span class='ocrx_word' id='word_1_13' title='bbox 1063 765 1109 825; x_wconf 87' lang='lat' dir='ltr'><strong>ita</strong></span> <span class='ocrx_word' id='word_1_14' title='bbox 1128 765 1208 827; x_wconf 80' lang='lat' dir='ltr'><strong>inse·</strong></span> 
     </span>
     <span class='ocr_line' id='line_1_3' title="bbox 246 854 1208 942; baseline -0.003 -20"><span class='ocrx_word' id='word_1_15' title='bbox 246 881 300 942; x_wconf 71' lang='lat' dir='ltr'><strong>gro</strong></span> <span class='ocrx_word' id='word_1_16' title='bbox 320 861 534 941; x_wconf 90' lang='lat' dir='ltr'><strong>quinquennio,</strong></span> <span class='ocrx_word' id='word_1_17' title='bbox 550 879 609 939; x_wconf 89' lang='lat' dir='ltr'><strong>quo</strong></span> <span class='ocrx_word' id='word_1_18' title='bbox 629 879 648 918; x_wconf 87' lang='lat' dir='ltr'><strong>a</strong></span> <span class='ocrx_word' id='word_1_19' title='bbox 662 857 794 920; x_wconf 83' lang='lat' dir='ltr'><strong>transitu</strong></span> <span class='ocrx_word' id='word_1_20' title='bbox 814 856 911 939; x_wconf 82' lang='lat' dir='ltr'><strong>patris</strong></span> <span class='ocrx_word' id='word_1_21' title='bbox 925 856 1062 917; x_wconf 81' lang='lat' dir='ltr'><strong>Anselmi</strong></span> <span class='ocrx_word' id='word_1_22' title='bbox 1083 854 1208 920; x_wconf 83' lang='lat' dir='ltr'><strong>eeclesia</strong></span> 
     </span>
     <span class='ocr_line' id='line_1_4' title="bbox 249 950 1206 1033; baseline -0.002 -21"><span class='ocrx_word' id='word_1_23' title='bbox 249 955 313 1033; x_wconf 82' lang='lat' dir='ltr'><strong>ipsa</strong></span> <span class='ocrx_word' id='word_1_24' title='bbox 343 955 470 1014; x_wconf 79' lang='lat' dir='ltr'><strong>viduata</strong></span> <span class='ocrx_word' id='word_1_25' title='bbox 499 953 674 1033; x_wconf 85' lang='lat' dir='ltr'><strong>pennansit‚</strong></span> <span class='ocrx_word' id='word_1_26' title='bbox 696 953 728 1012; x_wconf 90' lang='lat' dir='ltr'><strong>in</strong></span> <span class='ocrx_word' id='word_1_27' title='bbox 761 950 833 1011; x_wconf 87' lang='lat' dir='ltr'><strong>filiis</strong></span> <span class='ocrx_word' id='word_1_28' title='bbox 853 970 888 1012; x_wconf 90' lang='lat' dir='ltr'><strong>ac</strong></span> <span class='ocrx_word' id='word_1_29' title='bbox 916 951 1009 1010; x_wconf 91' lang='lat' dir='ltr'><strong>rebus</strong></span> <span class='ocrx_word' id='word_1_30' title='bbox 1040 950 1106 1029; x_wconf 88' lang='lat' dir='ltr'><strong>ejus</strong></span> <span class='ocrx_word' id='word_1_31' title='bbox 1135 969 1206 1031; x_wconf 78' lang='lat' dir='ltr'><strong>age·</strong></span> 
     </span>
     <span class='ocr_line' id='line_1_5' title="bbox 86 1041 1206 1131; baseline -0.002 -24"><span class='ocrx_word' id='word_1_32' title='bbox 86 1041 218 1131; x_wconf 51' lang='lat' dir='ltr'><strong>mm</strong></span> <span class='ocrx_word' id='word_1_33' title='bbox 246 1045 364 1106; x_wconf 89' lang='lat' dir='ltr'><strong>bantur.</strong></span> <span class='ocrx_word' id='word_1_34' title='bbox 407 1046 475 1120; x_wconf 85' lang='lat' dir='ltr'><strong>Quo</strong></span> <span class='ocrx_word' id='word_1_35' title='bbox 496 1051 629 1126; x_wconf 87' lang='lat' dir='ltr'><strong>tempore</strong></span> <span class='ocrx_word' id='word_1_36' title='bbox 651 1063 737 1125; x_wconf 86' lang='lat' dir='ltr'><strong>paone</strong></span> <span class='ocrx_word' id='word_1_37' title='bbox 766 1048 895 1124; x_wconf 85' lang='lat' dir='ltr'><strong>peracto,</strong></span> <span class='ocrx_word' id='word_1_38' title='bbox 915 1062 970 1105; x_wconf 90' lang='lat' dir='ltr'><strong>rex</strong></span> <span class='ocrx_word' id='word_1_39' title='bbox 993 1042 1152 1116; x_wconf 86' lang='lat' dir='ltr'><strong>Hernicus,</strong></span> <span class='ocrx_word' id='word_1_40' title='bbox 1173 1047 1206 1105; x_wconf 87' lang='lat' dir='ltr'><strong>st</strong></span> 
     </span>
     <span class='ocr_line' id='line_1_6' title="bbox 88 1134 1327 1219; baseline -0.003 -20"><span class='ocrx_word' id='word_1_41' title='bbox 88 1135 192 1177; x_wconf 62' lang='grc' dir='ltr'><em>Μ</em></span> <span class='ocrx_word' id='word_1_42' title='bbox 245 1138 368 1199; x_wconf 85' lang='lat' dir='ltr'><strong>monitis</strong></span> <span class='ocrx_word' id='word_1_43' title='bbox 401 1137 515 1199; x_wconf 89' lang='lat' dir='ltr'><strong>domiai</strong></span> <span class='ocrx_word' id='word_1_44' title='bbox 537 1157 631 1219; x_wconf 72' lang='lat' dir='ltr'><strong>papae,</strong></span> <span class='ocrx_word' id='word_1_45' title='bbox 659 1142 692 1198; x_wconf 90' lang='lat' dir='ltr'><strong>et</strong></span> <span class='ocrx_word' id='word_1_46' title='bbox 721 1136 860 1217; x_wconf 75' lang='lat' dir='ltr'><strong>precibus</strong></span> <span class='ocrx_word' id='word_1_47' title='bbox 891 1135 1022 1197; x_wconf 78' lang='lat' dir='ltr'><strong>fratrum</strong></span> <span class='ocrx_word' id='word_1_48' title='bbox 1044 1134 1205 1198; x_wconf 77' lang='lat' dir='ltr'><strong>cantuari·</strong></span> <span class='ocrx_word' id='word_1_49' title='bbox 1325 1151 1327 1154; x_wconf 83' lang='lat'>·</span> 
     </span>
     <span class='ocr_line' id='line_1_7' title="bbox 244 1229 1205 1312; baseline -0.005 -19"><span class='ocrx_word' id='word_1_50' title='bbox 244 1232 361 1293; x_wconf 88' lang='lat' dir='ltr'><strong>ensium</strong></span> <span class='ocrx_word' id='word_1_51' title='bbox 391 1232 579 1312; x_wconf 85' lang='lat' dir='ltr'><strong>aliorumque</strong></span> <span class='ocrx_word' id='word_1_52' title='bbox 609 1230 784 1302; x_wconf 89' lang='lat' dir='ltr'><strong>multorum,</strong></span> <span class='ocrx_word' id='word_1_53' title='bbox 805 1231 905 1303; x_wconf 88' lang='lat' dir='ltr'><strong>immo,</strong></span> <span class='ocrx_word' id='word_1_54' title='bbox 926 1230 1007 1309; x_wconf 91' lang='lat' dir='ltr'><strong>quod</strong></span> <span class='ocrx_word' id='word_1_55' title='bbox 1036 1229 1205 1289; x_wconf 84' lang='lat' dir='ltr'><strong>maximum</strong></span> 
     </span>
     <span class='ocr_line' id='line_1_8' title="bbox 247 1321 1205 1405; baseline -0.004 -19"><span class='ocrx_word' id='word_1_56' title='bbox 247 1329 301 1396; x_wconf 88' lang='lat' dir='ltr'><strong>est,</strong></span> <span class='ocrx_word' id='word_1_57' title='bbox 330 1324 476 1386; x_wconf 83' lang='lat' dir='ltr'><strong>instinctu</strong></span> <span class='ocrx_word' id='word_1_58' title='bbox 508 1324 565 1385; x_wconf 90' lang='lat' dir='ltr'><strong>Dei</strong></span> <span class='ocrx_word' id='word_1_59' title='bbox 606 1329 768 1405; x_wconf 85' lang='lat' dir='ltr'><strong>permotus,</strong></span> <span class='ocrx_word' id='word_1_60' title='bbox 797 1323 951 1404; x_wconf 87' lang='lat' dir='ltr'><strong>episcopos</strong></span> <span class='ocrx_word' id='word_1_61' title='bbox 992 1327 1025 1383; x_wconf 87' lang='lat' dir='ltr'><strong>et</strong></span> <span class='ocrx_word' id='word_1_62' title='bbox 1054 1321 1205 1402; x_wconf 87' lang='lat' dir='ltr'><strong>principes</strong></span> 
     </span>
     <span class='ocr_line' id='line_1_9' title="bbox 249 1413 1213 1497; baseline -0.002 -20"><span class='ocrx_word' id='word_1_63' title='bbox 249 1416 368 1497; x_wconf 73' lang='lat' dir='ltr'><strong>Angue</strong></span> <span class='ocrx_word' id='word_1_64' title='bbox 402 1417 435 1478; x_wconf 90' lang='lat' dir='ltr'><strong>ia</strong></span> <span class='ocrx_word' id='word_1_65' title='bbox 465 1437 560 1476; x_wconf 90' lang='lat' dir='ltr'><strong>unum</strong></span> <span class='ocrx_word' id='word_1_66' title='bbox 595 1416 676 1496; x_wconf 86' lang='lat' dir='ltr'><strong>apud</strong></span> <span class='ocrx_word' id='word_1_67' title='bbox 705 1413 948 1475; x_wconf 79' lang='lat' dir='ltr'><strong>windlesoram¹</strong></span> <span class='ocrx_word' id='word_1_68' title='bbox 984 1414 1056 1476; x_wconf 83' lang='lat' dir='ltr'><strong>feeit</strong></span> <span class='ocrx_word' id='word_1_69' title='bbox 1091 1415 1213 1487; x_wconf 71' lang='lat' dir='ltr'><strong>venire·</strong></span> 
     </span>
     <span class='ocr_line' id='line_1_10' title="bbox 248 1506 1205 1589; baseline -0.003 -17"><span class='ocrx_word' id='word_1_70' title='bbox 248 1529 351 1572; x_wconf 89' lang='lat' dir='ltr'><strong>eorum</strong></span> <span class='ocrx_word' id='word_1_71' title='bbox 382 1509 540 1572; x_wconf 88' lang='lat' dir='ltr'><strong>consilium</strong></span> <span class='ocrx_word' id='word_1_72' title='bbox 561 1509 593 1569; x_wconf 92' lang='lat' dir='ltr'><strong>in</strong></span> <span class='ocrx_word' id='word_1_73' title='bbox 624 1507 836 1572; x_wconf 87' lang='lat' dir='ltr'><strong>constituendo</strong></span> <span class='ocrx_word' id='word_1_74' title='bbox 864 1508 1011 1589; x_wconf 86' lang='lat' dir='ltr'><strong>pontifice</strong></span> <span class='ocrx_word' id='word_1_75' title='bbox 1043 1506 1205 1570; x_wconf 75' lang='lat' dir='ltr'><strong>cantuari·</strong></span> 
     </span>
     <span class='ocr_line' id='line_1_11' title="bbox 247 1600 1205 1681; baseline -0.001 -18"><span class='ocrx_word' id='word_1_76' title='bbox 247 1603 312 1663; x_wconf 83' lang='lat' dir='ltr'><strong>ensi</strong></span> <span class='ocrx_word' id='word_1_77' title='bbox 353 1602 459 1664; x_wconf 82' lang='lat' dir='ltr'><strong>volens</strong></span> <span class='ocrx_word' id='word_1_78' title='bbox 489 1602 607 1663; x_wconf 88' lang='lat' dir='ltr'><strong>babere.</strong></span> <span class='ocrx_word' id='word_1_79' title='bbox 659 1601 788 1662; x_wconf 85' lang='lat' dir='ltr'><strong>Invitati</strong></span> <span class='ocrx_word' id='word_1_80' title='bbox 819 1600 912 1662; x_wconf 85' lang='lat' dir='ltr'><strong>ctiam</strong></span> <span class='ocrx_word' id='word_1_81' title='bbox 952 1607 1025 1660; x_wconf 90' lang='lat' dir='ltr'><strong>sunt</strong></span> <span class='ocrx_word' id='word_1_82' title='bbox 1059 1600 1205 1681; x_wconf 83' lang='lat' dir='ltr'><strong>praelatus</strong></span> 
     </span>
     <span class='ocr_line' id='line_1_12' title="bbox 248 1693 1339 1777; baseline -0.005 -20"><span class='ocrx_word' id='word_1_83' title='bbox 248 1694 399 1759; x_wconf 81' lang='lat' dir='ltr'><strong>Radulsus</strong></span> <span class='ocrx_word' id='word_1_84' title='bbox 437 1695 576 1757; x_wconf 85' lang='lat' dir='ltr'><strong>Roionsis</strong></span> <span class='ocrx_word' id='word_1_85' title='bbox 605 1695 770 1777; x_wconf 82' lang='lat' dir='ltr'><strong>episcopus,</strong></span> <span class='ocrx_word' id='word_1_86' title='bbox 801 1700 833 1755; x_wconf 86' lang='lat' dir='ltr'><strong>et</strong></span> <span class='ocrx_word' id='word_1_87' title='bbox 872 1693 954 1776; x_wconf 89' lang='lat' dir='ltr'><strong>prior</strong></span> <span class='ocrx_word' id='word_1_88' title='bbox 995 1715 1031 1757; x_wconf 86' lang='lat' dir='ltr'><strong>ac</strong></span> <span class='ocrx_word' id='word_1_89' title='bbox 1064 1694 1205 1756; x_wconf 91' lang='lat' dir='ltr'><strong>nonnulli</strong></span> <span class='ocrx_word' id='word_1_90' title='bbox 1216 1695 1339 1751; x_wconf 61' lang='lat' dir='ltr'><strong>sssu-</strong></span> 
     </span>
     <span class='ocr_line' id='line_1_13' title="bbox 250 1780 1205 1870; baseline -0.001 -21"><span class='ocrx_word' id='word_1_91' title='bbox 250 1780 357 1853; x_wconf 73' lang='lat' dir='ltr'><strong>iratres</strong></span> <span class='ocrx_word' id='word_1_92' title='bbox 388 1788 620 1851; x_wconf 70' lang='lat' dir='ltr'><strong>cantuarienses</strong></span> <span class='ocrx_word' id='word_1_93' title='bbox 649 1791 762 1850; x_wconf 83' lang='lat' dir='ltr'><strong>curiam</strong></span> <span class='ocrx_word' id='word_1_94' title='bbox 795 1787 907 1859; x_wconf 78' lang='lat' dir='ltr'><strong>venire,</strong></span> <span class='ocrx_word' id='word_1_95' title='bbox 940 1787 1114 1870; x_wconf 69' lang='lat' dir='ltr'><strong>ignorantes</strong></span> <span class='ocrx_word' id='word_1_96' title='bbox 1142 1807 1205 1851; x_wconf 85' lang='lat' dir='ltr'><strong>cer·</strong></span> 
     </span>
     <span class='ocr_line' id='line_1_14' title="bbox 252 1881 1206 1962; baseline -0.002 -17"><span class='ocrx_word' id='word_1_97' title='bbox 252 1883 414 1945; x_wconf 77' lang='lat' dir='ltr'><strong>titudinem</strong></span> <span class='ocrx_word' id='word_1_98' title='bbox 444 1903 541 1946; x_wconf 63' lang='lat' dir='ltr'><strong>causus</strong></span> <span class='ocrx_word' id='word_1_99' title='bbox 563 1891 678 1962; x_wconf 74' lang='lat' dir='ltr'><strong>propter</strong></span> <span class='ocrx_word' id='word_1_100' title='bbox 715 1902 804 1960; x_wconf 66' lang='lat' dir='ltr'><strong>spiram</strong></span> <span class='ocrx_word' id='word_1_101' title='bbox 826 1881 1044 1942; x_wconf 80' lang='lat' dir='ltr'><strong>invitabantur.</strong></span> <span class='ocrx_word' id='word_1_102' title='bbox 1087 1882 1206 1945; x_wconf 76' lang='lat' dir='ltr'><strong>Ivlmus</strong></span> 
     </span>
     <span class='ocr_line' id='line_1_15' title="bbox 85 1972 1205 2066; baseline -0.001 -29"><span class='ocrx_word' id='word_1_103' title='bbox 85 1976 192 2066; x_wconf 53' lang='lat' dir='ltr'><strong>m</strong></span> <span class='ocrx_word' id='word_1_104' title='bbox 245 1995 316 2056; x_wconf 77' lang='lat' dir='ltr'><strong>ergo</strong></span> <span class='ocrx_word' id='word_1_105' title='bbox 335 1975 415 2037; x_wconf 80' lang='lat' dir='ltr'><strong>illua</strong></span> <span class='ocrx_word' id='word_1_106' title='bbox 458 1976 657 2056; x_wconf 84' lang='lat' dir='ltr'><strong>Quamplures</strong></span> <span class='ocrx_word' id='word_1_107' title='bbox 680 1994 750 2033; x_wconf 86' lang='lat' dir='ltr'><strong>vero</strong></span> <span class='ocrx_word' id='word_1_108' title='bbox 771 1973 858 2033; x_wconf 91' lang='lat' dir='ltr'><strong>nobis</strong></span> <span class='ocrx_word' id='word_1_109' title='bbox 879 1972 1023 2034; x_wconf 88' lang='lat' dir='ltr'><strong>euntibus</strong></span> <span class='ocrx_word' id='word_1_110' title='bbox 1037 1974 1205 2047; x_wconf 83' lang='lat' dir='ltr'><strong>obviantes,</strong></span> 
     </span>
     <span class='ocr_line' id='line_1_16' title="bbox 85 2067 1204 2168; baseline 0 -36"><span class='ocrx_word' id='word_1_111' title='bbox 85 2070 207 2168; x_wconf 55' lang='lat' dir='ltr'><em>Q</em></span> <span class='ocrx_word' id='word_1_112' title='bbox 253 2075 285 2132; x_wconf 89' lang='lat' dir='ltr'><strong>ct</strong></span> <span class='ocrx_word' id='word_1_113' title='bbox 304 2089 376 2132; x_wconf 69' lang='lat' dir='ltr'><strong>sea</strong></span> <span class='ocrx_word' id='word_1_114' title='bbox 394 2069 477 2130; x_wconf 87' lang='lat' dir='ltr'><strong>curia</strong></span> <span class='ocrx_word' id='word_1_115' title='bbox 497 2070 600 2130; x_wconf 86' lang='lat' dir='ltr'><strong>venire</strong></span> <span class='ocrx_word' id='word_1_116' title='bbox 614 2074 646 2129; x_wconf 88' lang='lat' dir='ltr'><strong>et</strong></span> <span class='ocrx_word' id='word_1_117' title='bbox 659 2088 713 2129; x_wconf 87' lang='lat' dir='ltr'><strong>nos</strong></span> <span class='ocrx_word' id='word_1_118' title='bbox 733 2067 847 2147; x_wconf 79' lang='lat' dir='ltr'><strong>absque</strong></span> <span class='ocrx_word' id='word_1_119' title='bbox 867 2067 950 2129; x_wconf 90' lang='lat' dir='ltr'><strong>omni</strong></span> <span class='ocrx_word' id='word_1_120' title='bbox 965 2068 1204 2132; x_wconf 84' lang='lat' dir='ltr'><strong>contradictione</strong></span> 
     </span>
     <span class='ocr_line' id='line_1_17' title="bbox 197 2161 1204 2249; baseline 0.002 -27"><span class='ocrx_word' id='word_1_121' title='bbox 197 2189 200 2195; x_wconf 96' lang='lat'>·</span> <span class='ocrx_word' id='word_1_122' title='bbox 252 2161 392 2249; x_wconf 70' lang='lat' dir='ltr'><strong>abbatem</strong></span> <span class='ocrx_word' id='word_1_123' title='bbox 413 2162 609 2233; x_wconf 72' lang='lat' dir='ltr'><strong>Abcndonise</strong></span> <span class='ocrx_word' id='word_1_124' title='bbox 623 2161 773 2223; x_wconf 84' lang='lat' dir='ltr'><strong>Fericium</strong></span> <span class='ocrx_word' id='word_1_125' title='bbox 794 2161 925 2232; x_wconf 89' lang='lat' dir='ltr'><strong>nomine,</strong></span> <span class='ocrx_word' id='word_1_126' title='bbox 945 2161 1204 2244; x_wconf 86' lang='lat' dir='ltr'><strong>arehiepiscopum</strong></span> 
     </span>
     <span class='ocr_line' id='line_1_18' title="bbox 244 2254 1289 2332; baseline 0.001 -16"><span class='ocrx_word' id='word_1_127' title='bbox 244 2255 400 2318; x_wconf 85' lang='lat' dir='ltr'><strong>habituros</strong></span> <span class='ocrx_word' id='word_1_128' title='bbox 421 2256 640 2318; x_wconf 83' lang='lat' dir='ltr'><strong>asseverabant</strong></span> <span class='ocrx_word' id='word_1_129' title='bbox 683 2255 772 2332; x_wconf 83' lang='lat' dir='ltr'><strong>Quod</strong></span> <span class='ocrx_word' id='word_1_130' title='bbox 793 2276 857 2329; x_wconf 90' lang='lat' dir='ltr'><strong>nos,</strong></span> <span class='ocrx_word' id='word_1_131' title='bbox 871 2254 1053 2319; x_wconf 80' lang='lat' dir='ltr'><strong>industriam</strong></span> <span class='ocrx_word' id='word_1_132' title='bbox 1068 2255 1200 2320; x_wconf 90' lang='lat' dir='ltr'><strong>hominis</strong></span> <span class='ocrx_word' id='word_1_133' title='bbox 1287 2311 1289 2317; x_wconf 87' lang='grc'><em>,</em></span> 
     </span>
     <span class='ocr_line' id='line_1_19' title="bbox 243 2349 1204 2431; baseline 0.001 -20"><span class='ocrx_word' id='word_1_134' title='bbox 243 2349 399 2430; x_wconf 87' lang='lat' dir='ltr'><strong>probatam</strong></span> <span class='ocrx_word' id='word_1_135' title='bbox 436 2350 590 2420; x_wconf 75' lang='lat' dir='ltr'><strong>habentes,</strong></span> <span class='ocrx_word' id='word_1_136' title='bbox 622 2351 768 2428; x_wconf 78' lang='lat' dir='ltr'><strong>gaudenti</strong></span> <span class='ocrx_word' id='word_1_137' title='bbox 803 2349 905 2410; x_wconf 91' lang='lat' dir='ltr'><strong>animo</strong></span> <span class='ocrx_word' id='word_1_138' title='bbox 940 2350 1204 2431; x_wconf 76' lang='lat' dir='ltr'><strong>amplectebamur,</strong></span> 
     </span>
     <span class='ocr_line' id='line_1_20' title="bbox 244 2441 1204 2527; baseline 0.002 -22"><span class='ocrx_word' id='word_1_139' title='bbox 244 2441 375 2524; x_wconf 83' lang='lat' dir='ltr'><strong>placeret</strong></span> <span class='ocrx_word' id='word_1_140' title='bbox 396 2441 584 2504; x_wconf 90' lang='lat' dir='ltr'><strong>solummodo</strong></span> <span class='ocrx_word' id='word_1_141' title='bbox 603 2442 661 2504; x_wconf 92' lang='lat' dir='ltr'><strong>Dei</strong></span> <span class='ocrx_word' id='word_1_142' title='bbox 683 2442 845 2516; x_wconf 87' lang='lat' dir='ltr'><strong>voluntati,</strong></span> <span class='ocrx_word' id='word_1_143' title='bbox 866 2443 899 2504; x_wconf 90' lang='lat' dir='ltr'><strong>in</strong></span> <span class='ocrx_word' id='word_1_144' title='bbox 919 2463 980 2524; x_wconf 83' lang='lat' dir='ltr'><strong>quo</strong></span> <span class='ocrx_word' id='word_1_145' title='bbox 1000 2449 1097 2505; x_wconf 88' lang='lat' dir='ltr'><strong>totam</strong></span> <span class='ocrx_word' id='word_1_146' title='bbox 1117 2463 1204 2527; x_wconf 86' lang='lat' dir='ltr'><strong>spera</strong></span> 
     </span>
     <span class='ocr_line' id='line_1_21' title="bbox 244 2536 1202 2616; baseline 0.001 -17"><span class='ocrx_word' id='word_1_147' title='bbox 244 2542 377 2599; x_wconf 88' lang='lat' dir='ltr'><strong>nostram</strong></span> <span class='ocrx_word' id='word_1_148' title='bbox 406 2536 628 2616; x_wconf 80' lang='lat' dir='ltr'><strong>fiduciamque²</strong></span> <span class='ocrx_word' id='word_1_149' title='bbox 649 2537 861 2599; x_wconf 80' lang='lat' dir='ltr'><strong>locaveramus.</strong></span> <span class='ocrx_word' id='word_1_150' title='bbox 908 2536 990 2610; x_wconf 81' lang='lat' dir='ltr'><strong>Quid</strong></span> <span class='ocrx_word' id='word_1_151' title='bbox 1011 2538 1132 2600; x_wconf 79' lang='lat' dir='ltr'><strong>multat</strong></span> <span class='ocrx_word' id='word_1_152' title='bbox 1152 2539 1202 2599; x_wconf 79' lang='lat' dir='ltr'><strong>Ad</strong></span> 
     </span>
     <span class='ocr_line' id='line_1_22' title="bbox 243 2629 1201 2710; baseline 0.002 -18"><span class='ocrx_word' id='word_1_153' title='bbox 243 2630 357 2692; x_wconf 88' lang='lat' dir='ltr'><strong>curiam</strong></span> <span class='ocrx_word' id='word_1_154' title='bbox 378 2630 525 2700; x_wconf 87' lang='lat' dir='ltr'><strong>venimus,</strong></span> <span class='ocrx_word' id='word_1_155' title='bbox 548 2638 579 2691; x_wconf 89' lang='lat' dir='ltr'><strong>et</strong></span> <span class='ocrx_word' id='word_1_156' title='bbox 600 2649 666 2692; x_wconf 89' lang='lat' dir='ltr'><strong>ecce</strong></span> <span class='ocrx_word' id='word_1_157' title='bbox 688 2629 790 2691; x_wconf 90' lang='lat' dir='ltr'><strong>omnia</strong></span> <span class='ocrx_word' id='word_1_158' title='bbox 811 2629 900 2710; x_wconf 90' lang='lat' dir='ltr'><strong>plena</strong></span> <span class='ocrx_word' id='word_1_159' title='bbox 925 2636 1013 2691; x_wconf 85' lang='lat' dir='ltr'><strong>erant</strong></span> <span class='ocrx_word' id='word_1_160' title='bbox 1032 2631 1069 2693; x_wconf 94' lang='lat' dir='ltr'><strong>de</strong></span> <span class='ocrx_word' id='word_1_161' title='bbox 1090 2631 1201 2694; x_wconf 86' lang='lat' dir='ltr'><strong>abbate</strong></span> 
     </span>
     <span class='ocr_line' id='line_1_23' title="bbox 242 2723 1203 2805; baseline 0.003 -20"><span class='ocrx_word' id='word_1_162' title='bbox 242 2744 309 2803; x_wconf 78' lang='lat' dir='ltr'><strong>quaa</strong></span> <span class='ocrx_word' id='word_1_163' title='bbox 338 2723 537 2786; x_wconf 84' lang='lat' dir='ltr'><strong>audieramus.</strong></span> <span class='ocrx_word' id='word_1_164' title='bbox 580 2723 620 2784; x_wconf 84' lang='lat' dir='ltr'><strong>Et</strong></span> <span class='ocrx_word' id='word_1_165' title='bbox 650 2743 755 2785; x_wconf 90' lang='lat' dir='ltr'><strong>revera</strong></span> <span class='ocrx_word' id='word_1_166' title='bbox 775 2723 858 2804; x_wconf 78' lang='lat' dir='ltr'><strong>regia</strong></span> <span class='ocrx_word' id='word_1_167' title='bbox 887 2723 1030 2784; x_wconf 80' lang='lat' dir='ltr'><strong>voluntas</strong></span> <span class='ocrx_word' id='word_1_168' title='bbox 1050 2726 1107 2785; x_wconf 91' lang='lat' dir='ltr'><strong>hoc</strong></span> <span class='ocrx_word' id='word_1_169' title='bbox 1135 2745 1203 2805; x_wconf 89' lang='lat' dir='ltr'><strong>pro·</strong></span> 
     </span>
     <span class='ocr_line' id='line_1_24' title="bbox 249 2815 1200 2896; baseline 0.004 -20"><span class='ocrx_word' id='word_1_170' title='bbox 249 2823 397 2896; x_wconf 84' lang='lat' dir='ltr'><strong>posuerat,</strong></span> <span class='ocrx_word' id='word_1_171' title='bbox 411 2836 446 2878; x_wconf 88' lang='lat' dir='ltr'><strong>ec</strong></span> <span class='ocrx_word' id='word_1_172' title='bbox 467 2821 590 2896; x_wconf 88' lang='lat' dir='ltr'><strong>propter</strong></span> <span class='ocrx_word' id='word_1_173' title='bbox 611 2815 742 2896; x_wconf 85' lang='lat' dir='ltr'><strong>idipsum</strong></span> <span class='ocrx_word' id='word_1_174' title='bbox 759 2816 862 2895; x_wconf 80' lang='lat' dir='ltr'><strong>jussus</strong></span> <span class='ocrx_word' id='word_1_175' title='bbox 883 2835 902 2894; x_wconf 88' lang='lat' dir='ltr'><strong>a</strong></span> <span class='ocrx_word' id='word_1_176' title='bbox 922 2836 992 2896; x_wconf 80' lang='lat' dir='ltr'><strong>rege</strong></span> <span class='ocrx_word' id='word_1_177' title='bbox 1006 2817 1086 2878; x_wconf 91' lang='lat' dir='ltr'><strong>idem</strong></span> <span class='ocrx_word' id='word_1_178' title='bbox 1107 2817 1200 2880; x_wconf 84' lang='lat' dir='ltr'><strong>abbas</strong></span> 
     </span>
     <span class='ocr_line' id='line_1_25' title="bbox 80 2909 1202 3005; baseline 0 -33"><span class='ocrx_word' id='word_1_179' title='bbox 80 2916 229 3005; x_wconf 50' lang='lat'><strong>‘¹3:325</strong></span> <span class='ocrx_word' id='word_1_180' title='bbox 248 2909 339 2972; x_wconf 85' lang='lat' dir='ltr'><strong>curiae</strong></span> <span class='ocrx_word' id='word_1_181' title='bbox 361 2929 391 2970; x_wconf 85' lang='lat' dir='ltr'><strong>sc</strong></span> <span class='ocrx_word' id='word_1_182' title='bbox 428 2913 670 2988; x_wconf 70' lang='lat' dir='ltr'><strong>praesentaverat.</strong></span> <span class='ocrx_word' id='word_1_183' title='bbox 712 2909 841 2969; x_wconf 76' lang='lat' dir='ltr'><strong>Animus</strong></span> <span class='ocrx_word' id='word_1_184' title='bbox 862 2912 966 2968; x_wconf 85' lang='lat' dir='ltr'><strong>tamen</strong></span> <span class='ocrx_word' id='word_1_185' title='bbox 995 2910 1202 2990; x_wconf 86' lang='lat' dir='ltr'><strong>episcoporum</strong></span> 
     </span>
     <span class='ocr_line' id='line_1_26' title="bbox 81 3001 1208 3084; baseline 0.006 -26"><span class='ocrx_word' id='word_1_186' title='bbox 81 3007 275 3064; x_wconf 61' lang='lat' dir='ltr'><strong>mee</strong></span> <span class='ocrx_word' id='word_1_187' title='bbox 305 3003 493 3083; x_wconf 90' lang='lat' dir='ltr'><strong>quorundam</strong></span> <span class='ocrx_word' id='word_1_188' title='bbox 515 3007 725 3083; x_wconf 81' lang='lat' dir='ltr'><strong>magnatorum</strong></span> <span class='ocrx_word' id='word_1_189' title='bbox 755 3002 787 3062; x_wconf 90' lang='lat' dir='ltr'><strong>in</strong></span> <span class='ocrx_word' id='word_1_190' title='bbox 807 3001 892 3063; x_wconf 92' lang='lat' dir='ltr'><strong>aliud</strong></span> <span class='ocrx_word' id='word_1_191' title='bbox 914 3002 1067 3081; x_wconf 80' lang='lat' dir='ltr'><strong>vergebat,</strong></span> <span class='ocrx_word' id='word_1_192' title='bbox 1087 3022 1208 3084; x_wconf 72' lang='lat' dir='ltr'><strong>praeop-v</strong></span> 
     </span>
     <span class='ocr_line' id='line_1_27' title="bbox 243 3093 1203 3174; baseline 0.004 -19"><span class='ocrx_word' id='word_1_193' title='bbox 243 3096 376 3156; x_wconf 86' lang='lat' dir='ltr'><strong>tantium</strong></span> <span class='ocrx_word' id='word_1_194' title='bbox 407 3094 550 3156; x_wconf 83' lang='lat' dir='ltr'><strong>videlicet</strong></span> <span class='ocrx_word' id='word_1_195' title='bbox 570 3099 625 3154; x_wconf 86' lang='lat' dir='ltr'><strong>aut</strong></span> <span class='ocrx_word' id='word_1_196' title='bbox 655 3093 822 3174; x_wconf 89' lang='lat' dir='ltr'><strong>quemlibet</strong></span> <span class='ocrx_word' id='word_1_197' title='bbox 840 3094 1017 3174; x_wconf 89' lang='lat' dir='ltr'><strong>episcopum</strong></span> <span class='ocrx_word' id='word_1_198' title='bbox 1038 3096 1075 3157; x_wconf 92' lang='lat' dir='ltr'><strong>de</strong></span> <span class='ocrx_word' id='word_1_199' title='bbox 1097 3096 1203 3159; x_wconf 85' lang='lat' dir='ltr'><strong>ordine</strong></span> 
     </span>
     <span class='ocr_line' id='line_1_28' title="bbox 242 3186 1201 3273; baseline 0.003 -22"><span class='ocrx_word' id='word_1_200' title='bbox 242 3188 379 3264; x_wconf 84' lang='lat' dir='ltr'><strong>clericali,</strong></span> <span class='ocrx_word' id='word_1_201' title='bbox 393 3194 448 3250; x_wconf 88' lang='lat' dir='ltr'><strong>aut</strong></span> <span class='ocrx_word' id='word_1_202' title='bbox 468 3189 609 3251; x_wconf 87' lang='lat' dir='ltr'><strong>clericum</strong></span> <span class='ocrx_word' id='word_1_203' title='bbox 630 3188 762 3269; x_wconf 86' lang='lat' dir='ltr'><strong>aliquem</strong></span> <span class='ocrx_word' id='word_1_204' title='bbox 783 3188 820 3250; x_wconf 94' lang='lat' dir='ltr'><strong>de</strong></span> <span class='ocrx_word' id='word_1_205' title='bbox 835 3186 950 3268; x_wconf 85' lang='lat' dir='ltr'><strong>capella</strong></span> <span class='ocrx_word' id='word_1_206' title='bbox 970 3189 1050 3271; x_wconf 79' lang='lat' dir='ltr'><strong>regis</strong></span> <span class='ocrx_word' id='word_1_207' title='bbox 1070 3191 1105 3250; x_wconf 90' lang='lat' dir='ltr'><strong>in</strong></span> <span class='ocrx_word' id='word_1_208' title='bbox 1125 3210 1201 3273; x_wconf 90' lang='lat' dir='ltr'><strong>opus</strong></span> 
     </span>
     <span class='ocr_line' id='line_1_29' title="bbox 241 3280 1203 3362; baseline 0.005 -20"><span class='ocrx_word' id='word_1_209' title='bbox 241 3281 317 3343; x_wconf 90' lang='lat' dir='ltr'><strong>illud</strong></span> <span class='ocrx_word' id='word_1_210' title='bbox 345 3283 456 3346; x_wconf 89' lang='lat' dir='ltr'><strong>ascisci.</strong></span> <span class='ocrx_word' id='word_1_211' title='bbox 499 3280 611 3344; x_wconf 80' lang='lat' dir='ltr'><strong>Veram</strong></span> <span class='ocrx_word' id='word_1_212' title='bbox 645 3282 699 3342; x_wconf 93' lang='lat' dir='ltr'><strong>ubi</strong></span> <span class='ocrx_word' id='word_1_213' title='bbox 720 3282 764 3343; x_wconf 90' lang='lat' dir='ltr'><strong>eis</strong></span> <span class='ocrx_word' id='word_1_214' title='bbox 792 3281 945 3362; x_wconf 90' lang='lat' dir='ltr'><strong>objectum</strong></span> <span class='ocrx_word' id='word_1_215' title='bbox 967 3287 1015 3344; x_wconf 89' lang='lat' dir='ltr'><strong>est</strong></span> <span class='ocrx_word' id='word_1_216' title='bbox 1043 3283 1203 3347; x_wconf 89' lang='lat' dir='ltr'><strong>nulluma</strong></span> 
     </span>
     <span class='ocr_line' id='line_1_30' title="bbox 240 3374 1201 3458; baseline 0.004 -22"><span class='ocrx_word' id='word_1_217' title='bbox 240 3375 334 3436; x_wconf 76' lang='lat' dir='ltr'><strong>Beate</strong></span> <span class='ocrx_word' id='word_1_218' title='bbox 365 3376 538 3457; x_wconf 76' lang='lat' dir='ltr'><strong>Augustino</strong></span> <span class='ocrx_word' id='word_1_219' title='bbox 569 3375 627 3435; x_wconf 88' lang='lat' dir='ltr'><strong>nisi</strong></span> <span class='ocrx_word' id='word_1_220' title='bbox 649 3375 686 3436; x_wconf 90' lang='lat' dir='ltr'><strong>de</strong></span> <span class='ocrx_word' id='word_1_221' title='bbox 718 3374 892 3438; x_wconf 87' lang='lat' dir='ltr'><strong>monachico</strong></span> <span class='ocrx_word' id='word_1_222' title='bbox 922 3374 1029 3438; x_wconf 86' lang='lat' dir='ltr'><strong>ordine</strong></span> <span class='ocrx_word' id='word_1_223' title='bbox 1064 3396 1201 3458; x_wconf 86' lang='lat' dir='ltr'><strong>unquam</strong></span> 
     </span>
     <span class='ocr_line' id='line_1_31' title="bbox 238 3467 1202 3549; baseline 0.004 -21"><span class='ocrx_word' id='word_1_224' title='bbox 238 3467 428 3548; x_wconf 83' lang='lat' dir='ltr'><strong>pontificatui</strong></span> <span class='ocrx_word' id='word_1_225' title='bbox 473 3468 686 3529; x_wconf 84' lang='lat' dir='ltr'><strong>Cantuarieasi</strong></span> <span class='ocrx_word' id='word_1_226' title='bbox 726 3468 910 3549; x_wconf 71' lang='lat' dir='ltr'><strong>presedisse,</strong></span> <span class='ocrx_word' id='word_1_227' title='bbox 941 3487 1004 3529; x_wconf 89' lang='lat' dir='ltr'><strong>uno</strong></span> <span class='ocrx_word' id='word_1_228' title='bbox 1048 3470 1202 3532; x_wconf 83' lang='lat' dir='ltr'><strong>duntaxat</strong></span> 
     </span>
     <span class='ocr_line' id='line_1_32' title="bbox 238 3560 1297 3643; baseline 0.005 -21"><span class='ocrx_word' id='word_1_229' title='bbox 238 3568 364 3641; x_wconf 86' lang='lat' dir='ltr'><strong>excepto</strong></span> <span class='ocrx_word' id='word_1_230' title='bbox 391 3560 443 3641; x_wconf 91' lang='lat' dir='ltr'><strong>qui</strong></span> <span class='ocrx_word' id='word_1_231' title='bbox 464 3566 496 3621; x_wconf 87' lang='lat' dir='ltr'><strong>ct</strong></span> <span class='ocrx_word' id='word_1_232' title='bbox 524 3560 564 3622; x_wconf 91' lang='lat' dir='ltr'><strong>ob</strong></span> <span class='ocrx_word' id='word_1_233' title='bbox 583 3560 662 3622; x_wconf 87' lang='lat' dir='ltr'><strong>hane</strong></span> <span class='ocrx_word' id='word_1_234' title='bbox 691 3561 961 3640; x_wconf 67' lang='lat' dir='ltr'><strong>presumptionem</strong></span> <span class='ocrx_word' id='word_1_235' title='bbox 982 3561 1096 3624; x_wconf 82' lang='lat' dir='ltr'><strong>atalia</strong></span> <span class='ocrx_word' id='word_1_236' title='bbox 1117 3582 1200 3643; x_wconf 75' lang='lat' dir='ltr'><strong>qua·</strong></span> <span class='ocrx_word' id='word_1_237' title='bbox 1296 3562 1297 3565; x_wconf 64' lang='grc'>’</span> 
     </span>
     <span class='ocr_line' id='line_1_33' title="bbox 238 3651 1199 3736; baseline 0.006 -21"><span class='ocrx_word' id='word_1_238' title='bbox 238 3651 308 3715; x_wconf 79' lang='lat' dir='ltr'><strong>dam</strong></span> <span class='ocrx_word' id='word_1_239' title='bbox 329 3673 467 3735; x_wconf 76' lang='lat' dir='ltr'><strong>parvane</strong></span> <span class='ocrx_word' id='word_1_240' title='bbox 487 3653 527 3714; x_wconf 90' lang='lat' dir='ltr'><strong>ab</strong></span> <span class='ocrx_word' id='word_1_241' title='bbox 547 3672 582 3714; x_wconf 92' lang='lat' dir='ltr'><strong>eo</strong></span> <span class='ocrx_word' id='word_1_242' title='bbox 603 3652 761 3716; x_wconf 82' lang='lat' dir='ltr'><strong>commissa</strong></span> <span class='ocrx_word' id='word_1_243' title='bbox 774 3653 929 3735; x_wconf 86' lang='lat' dir='ltr'><strong>depositus</strong></span> <span class='ocrx_word' id='word_1_244' title='bbox 951 3674 1005 3736; x_wconf 86' lang='lat' dir='ltr'><strong>per</strong></span> <span class='ocrx_word' id='word_1_245' title='bbox 1027 3656 1199 3721; x_wconf 57' lang='lat' dir='ltr'><strong>&amp;manum</strong></span> 
     </span>
     <span class='ocr_line' id='line_1_34' title="bbox 214 3747 1200 3828; baseline 0.002 -16"><span class='ocrx_word' id='word_1_246' title='bbox 214 3747 411 3828; x_wconf 53' lang='lat' dir='ltr'><strong>spontifieem</strong></span> <span class='ocrx_word' id='word_1_247' title='bbox 432 3747 499 3820; x_wconf 85' lang='lat' dir='ltr'><strong>fuit,</strong></span> <span class='ocrx_word' id='word_1_248' title='bbox 520 3754 553 3809; x_wconf 89' lang='lat' dir='ltr'><strong>ct</strong></span> <span class='ocrx_word' id='word_1_249' title='bbox 572 3766 608 3808; x_wconf 88' lang='lat' dir='ltr'><strong>ea</strong></span> <span class='ocrx_word' id='word_1_250' title='bbox 627 3766 660 3807; x_wconf 88' lang='lat' dir='ltr'><strong>ra</strong></span> <span class='ocrx_word' id='word_1_251' title='bbox 681 3752 744 3808; x_wconf 81' lang='lat' dir='ltr'><strong>tam</strong></span> <span class='ocrx_word' id='word_1_252' title='bbox 758 3749 918 3828; x_wconf 84' lang='lat' dir='ltr'><strong>antiquam</strong></span> <span class='ocrx_word' id='word_1_253' title='bbox 939 3754 972 3810; x_wconf 89' lang='lat' dir='ltr'><strong>et</strong></span> <span class='ocrx_word' id='word_1_254' title='bbox 991 3749 1200 3814; x_wconf 83' lang='lat' dir='ltr'><strong>authenticam</strong></span> 
     </span>
     <span class='ocr_line' id='line_1_35' title="bbox 238 3839 1201 3925; baseline 0.002 -21"><span class='ocrx_word' id='word_1_255' title='bbox 238 3840 495 3912; x_wconf 83' lang='lat' dir='ltr'><strong>consuetudinem,</strong></span> <span class='ocrx_word' id='word_1_256' title='bbox 509 3859 578 3902; x_wconf 90' lang='lat' dir='ltr'><strong>cum</strong></span> <span class='ocrx_word' id='word_1_257' title='bbox 598 3839 685 3901; x_wconf 89' lang='lat' dir='ltr'><strong>nulla</strong></span> <span class='ocrx_word' id='word_1_258' title='bbox 703 3841 782 3902; x_wconf 82' lang='lat' dir='ltr'><strong>ratio</strong></span> <span class='ocrx_word' id='word_1_259' title='bbox 802 3841 852 3903; x_wconf 81' lang='lat' dir='ltr'><strong>rel</strong></span> <span class='ocrx_word' id='word_1_260' title='bbox 873 3842 1037 3904; x_wconf 85' lang='lat' dir='ltr'><strong>necessitas</strong></span> <span class='ocrx_word' id='word_1_261' title='bbox 1058 3842 1201 3925; x_wconf 77' lang='lat' dir='ltr'><strong>exigerat,</strong></span> 
     </span>
    </p>
   </div>
   <div class='ocr_carea' id='block_1_3' title="bbox 239 3933 1202 4018">
    <p class='ocr_par' dir='ltr' id='par_1_3' title="bbox 239 3933 1202 4018">
     <span class='ocr_line' id='line_1_36' title="bbox 239 3933 1202 4018; baseline 0.003 -20"><span class='ocrx_word' id='word_1_262' title='bbox 239 3934 377 3998; x_wconf 69' lang='lat' dir='ltr'><strong>sabvasi</strong></span> <span class='ocrx_word' id='word_1_263' title='bbox 397 3954 459 3997; x_wconf 89' lang='lat' dir='ltr'><strong>aon</strong></span> <span class='ocrx_word' id='word_1_264' title='bbox 479 3940 624 4015; x_wconf 87' lang='lat' dir='ltr'><strong>oportere,</strong></span> <span class='ocrx_word' id='word_1_265' title='bbox 653 3933 797 3998; x_wconf 68' lang='lat' dir='ltr'><strong>desistne</strong></span> <span class='ocrx_word' id='word_1_266' title='bbox 827 3942 928 4018; x_wconf 84' lang='lat' dir='ltr'><strong>eoepto</strong></span> <span class='ocrx_word' id='word_1_267' title='bbox 957 3936 1039 4018; x_wconf 89' lang='lat' dir='ltr'><strong>qued</strong></span> <span class='ocrx_word' id='word_1_268' title='bbox 1069 3937 1202 4018; x_wconf 88' lang='lat' dir='ltr'><strong>plurimo</strong></span> 
     </span>
    </p>
   </div>
   <div class='ocr_carea' id='block_1_4' title="bbox 271 4156 1096 4222">
    <p class='ocr_par' dir='ltr' id='par_1_4' title="bbox 271 4156 1096 4222">
     <span class='ocr_line' id='line_1_37' title="bbox 271 4156 1096 4222; baseline 0 -14"><span class='ocrx_word' id='word_1_269' title='bbox 271 4156 727 4221; x_wconf 62' lang='lat' dir='ltr'><strong>ussurmenaamai</strong></span> <span class='ocrx_word' id='word_1_270' title='bbox 769 4156 956 4222; x_wconf 58' lang='lat' dir='ltr'><strong>raama-qu]</strong></span> <span class='ocrx_word' id='word_1_271' title='bbox 969 4158 1096 4208; x_wconf 72' lang='lat' dir='ltr'><strong>rana</strong></span> 
     </span>
    </p>
   </div>
   <div class='ocr_carea' id='block_1_5' title="bbox 0 0 1572 4890">
    <p class='ocr_par' dir='ltr' id='par_1_5' title="bbox 0 0 1572 4890">
     <span class='ocr_line' id='line_1_38' title="bbox 0 0 1572 4890; baseline 0 3"><span class='ocrx_word' id='word_1_272' title='bbox 0 0 1572 4890; x_wconf 95' lang='lat' dir='ltr'><strong> </strong></span> 
     </span>
    </p>
   </div>
  </div>
 </body>
</html>
