3136 4890
532 558 683 607 moroan
703 556 862 608 uoroanrr
883 558 919 606 nr
939 554 1068 607 saeua
1170 606 1174 613 ,
1240 547 1279 608 91
1332 537 1337 550 '

321 732 465 793 dentibus
485 733 574 794 annis
600 735 700 802 notus,
721 735 762 802 et,
781 734 896 793 sanatre
916 729 1088 793 dilectionis
1108 728 1192 790 illius
1212 729 1283 810 igne
1307 730 1426 778 ΑΜ*

319 843 485 895 succensus,
513 843 624 902 magno
650 822 776 883 ridendi
804 841 874 883 eam
906 821 1057 883 desiderio
1086 820 1282 902 fatigabatur.

320 917 418 991 Quem
447 917 539 978 etiam
568 914 730 976 Anselmus
758 914 791 975 in
820 919 941 976 tantum
973 912 1130 997 diligebat,
1157 913 1284 996 ejusque

320 1012 513 1092 prudentiam
532 1016 624 1089 atquo
641 1008 759 1072 consilii
781 1009 994 1072 auctoritatem
1020 1009 1101 1072 tanti
1122 1008 1284 1090 pendebat,
1397 1014 1401 1019 '

319 1112 355 1166 ut
382 1103 526 1165 statuerit
546 1102 628 1182 apud
657 1122 688 1162 so
715 1120 865 1161 summam
893 1100 1008 1182 negotii
1037 1101 1086 1163 sui
1113 1101 1284 1164 oonsiders·
1332 1102 1337 1109 '

319 1199 396 1261 tioai
423 1195 479 1262 aa¹
509 1194 700 1278 dispositioni
729 1193 803 1276 ejus,
830 1214 925 1258 neena
952 1195 1112 1258 mserendi
1141 1195 1284 1280 Hugonis

319 1293 527 1355 clunianensis
559 1290 688 1361 abbatis,
720 1310 759 1349 ex
796 1289 915 1368 integro
947 1290 1168 1354 commendare.
1223 1292 1285 1353 llio

318 1386 422 1464 itaque
451 1383 602 1464 pontifex,
625 1381 732 1441 audito
759 1380 939 1441 lineelmum
963 1381 1026 1441 suis
1049 1381 1163 1443 finibus
1186 1401 1285 1445 ms·

319 1481 403 1550 sisse,
430 1476 542 1559 oppido
570 1477 692 1537 laetatus
720 1479 774 1536 est
817 1473 858 1536 Et
882 1473 1018 1558 dirigens
1042 1475 1083 1537 ad
1110 1494 1181 1538 eum
1209 1494 1286 1558 qnos

320 1573 529 1634 familiariores
556 1589 592 1631 aa
619 1569 772 1647 digniores
799 1569 880 1629 eirea
907 1587 940 1629 se
970 1566 1114 1639 habebat,
1141 1570 1288 1648 quatiam

320 1685 405 1726 suam
440 1659 618 1726 eeclesiam¹
648 1680 739 1740 seque
775 1660 874 1741 ipsum
906 1659 973 1722 sine
996 1679 1083 1723 more
1109 1660 1288 1743 dignaretur

321 1760 450 1821 invisere
475 1757 587 1818 obnixe
611 1754 789 1837 deprecatus
808 1759 863 1817 est
906 1753 1070 1817 Mandavit
1087 1754 1212 1838 insuper
1223 1756 1289 1839 epi·

320 1873 410 1932 scopo
433 1849 648 1911 llatisaoneusi
671 1854 707 1907 ut
731 1847 797 1908 viro
821 1848 941 1909 deeenti
969 1846 1083 1910 honore
1107 1856 1286 1925 ooourreret,

321 1953 353 2007 et
377 1943 590 2006 officiosissimo
613 1942 786 2002 deserviret
830 1940 919 2015 Quod
945 1941 1009 2023 ipso
1031 1940 1196 2024 diligenter
1215 1963 1287 2006 010·
1305 1982 1314 2003 .

321 2045 410 2102 cutus
438 2045 491 2100 est
534 2037 596 2099 Ubi
619 2057 692 2097 vero
719 2036 904 2117 Lugdunum
933 2037 1169 2119 venimusque
1194 2057 1286 2100 vene·
1297 2047 1429 2139 ξπ

321 2133 439 2191 ratione
467 2131 507 2189 ab
532 2131 597 2208 ipso
621 2147 739 2187 summo
763 2128 907 2206 pontilleo
927 2134 960 2188 et
978 2129 1041 2188 auis
1060 2130 1203 2190 omnibus
1220 2142 1429 2228 seems
1490 2124 1494 2131 “

322 2224 403 2303 cepti
426 2221 530 2292 simus,
554 2228 586 2282 at
607 2237 748 2282 ouarraro
770 2218 892 2281 difficile
917 2225 949 2281 et
972 2221 1058 2283 dictu
1082 2219 1219 2283 semsi·
1240 2228 1424 2284 eamn·-

321 2315 505 2378 ineredibile.
549 2314 617 2388 Quo
639 2333 707 2373 eum
731 2310 979 2385 demoraremur,⁸
991 2313 1103 2377 didicit
1122 2289 1423 2378 emimus*

320 2429 360 2467 ex
384 2409 420 2465 iis
445 2426 513 2484 qum
539 2405 621 2465 lama
645 2404 762 2464 serebat
783 2422 846 2463 non
865 2404 997 2464 multum
1019 2425 1082 2466 sure
1101 2425 1200 2468 cauare
1217 2427 1289 2488 pro·

321 2498 518 2570 interamni
545 2496 665 2579 ipsein
691 2496 837 2557 ulteriora
862 2496 1045 2578 proeederot
1088 2496 1289 2563 imbecillitas

321 2615 441 2676 quoquo
464 2594 511 2653 sui
534 2594 667 2673 eorporis
691 2592 820 2654 residuas
842 2592 902 2654 vise
924 2592 1058 2655 laborem
1083 2592 1288 2673 perhorrebat,

322 2694 353 2747 et
375 2686 493 2747 insidiae
515 2705 583 2765 quia
602 2684 642 2744 ab
663 2685 814 2765 indigenis
834 2684 954 2745 illarum
976 2685 1132 2765 regionum
1153 2704 1191 2749 ea
1210 2694 1287 2749 teni·

323 2789 441 2863 pestate
456 2778 705 2850 commeantibus,
719 2787 751 2841 et
764 2778 897 2840 maximo
918 2779 1053 2863 religiosi
1074 2779 1190 2843 ordinis
1203 2782 1287 2857 viris,

322 2877 520 2935 struebantur
547 2893 617 2935 eum
646 2892 707 2934 non
728 2873 807 2933 nihil
828 2873 1033 2936 retardabant
1075 2874 1185 2955 Itaque
1206 2876 1288 2959 Lng-

322 2969 397 3029 duui
419 2967 539 3040 resedit,
559 2966 677 3029 eunetis
698 2965 788 3027 valde
808 2971 951 3047 eoooptus
971 2974 1004 3028 et
1023 2965 1218 3031 honorabilia

364 3064 514 3142 Scriptum
546 3061 655 3123 dehine
686 3060 845 3140 epistolam
878 3080 971 3122 unam
1002 3062 1083 3123 sedis
1112 3064 1289 3143 apostoliam
1299 3062 1447 3161 2³3*

320 3155 442 3237 praesuli
469 3153 654 3228 destinavit5
676 3152 709 3212 in
730 3170 791 3233 qua
810 3152 885 3233 quid
907 3152 951 3214 illi
975 3154 1013 3215 de
1035 3153 1095 3215 iis⁴
1123 3174 1191 3236 qun
1210 3154 1443 3219 soei-⁸⁸¹⁰*

319 3250 429 3309 demat
465 3247 648 3328 suggesserit
675 3265 795 3326 quoqne
820 3246 917 3307 animi
952 3248 999 3307 aui
1028 3247 1213 3311 desiderium
1241 3251 1289 3313 in·

320 3343 461 3413 tenderit,
498 3349 585 3403 tenor
623 3340 720 3421 ipsius
755 3339 892 3420 epistola
936 3358 1029 3422 quam
1070 3339 1290 3407 eubsaibinus

318 3435 498 3516 designabit

361 3537 476 3589 Domine
497 3542 525 3590 et
545 3534 615 3603 patri
643 3551 705 3588 enm
727 3550 818 3588 amore
839 3534 985 3588 mdo
1004 3543 1034 3590 ot
1056 3552 1118 3592 eun
1139 3538 1289 3595 mih

319 3620 563 3679 emendaremus
590 3616 712 3685 pontiflci
725 3617 844 3681 Urbano,
865 3616 947 3670 irater
967 3617 1122 3683 Anniana
1135 3636 1228 3675 sem
1244 3637 1287 3677 aa·

319 3700 407 3751 clasiae
435 3699 597 3760 centania.
620 3698 738 3751 debitam
766 3699 958 3767 abiectionem
980 3707 1009 3754 st
1030 3702 1182 3757 nunu
1205 3702 1288 3758 bvo-
1376 3770 1385 3786 ·
1446 3730 1454 3743 ·

319 3781 430 3834 tionem.

350 3995 781 4129 :ammana
828 3995 1119 4117 :Le-ram]
1138 3998 1288 4054 θ’...

322 4140 352 4186 a
667 4222 670 4227 Ι
859 4140 1022 4205 wama
