3150 4994
251 635 304 692 ’88
477 645 625 693 HISTORIA
646 644 804 693 NOVORUM
826 646 862 692 IN
882 643 1009 693 anema

122 830 238 876 ΗΜ·
263 819 404 883 baculum
433 819 691 901 peregrinantium
719 838 802 879 mere
831 838 931 881 eoram
965 818 1055 895 altari
1084 815 1225 896 suscepit,

264 913 538 993 commendatisque
558 913 698 975 omnibus
721 911 852 983 Christe,
873 912 990 992 ingenti
1011 912 1086 972 tlctu
1107 915 1140 971 et
1159 909 1224 988 eju-

107 1003 235 1093 μ’·
264 1007 328 1067 latu
364 1013 537 1087 prosecutus
572 1025 706 1086 egressus
741 1011 795 1066 est.
838 1005 909 1085 Ipso
943 1006 993 1066 die
1027 1006 1067 1067 ad
1102 1010 1224 1084 portum

25 1113 31 1126 '
108 1080 249 1184 ΜΕ,
264 1099 368 1161 Defris
397 1100 516 1172 ivimus,
546 1100 649 1178 ibique
678 1099 819 1161 clericum
851 1099 1012 1179 quendam,
1036 1097 1224 1159 willelmum

36 1278 40 1283 Κ
108 1188 243 1238 ⁸⁸¹²*
263 1195 393 1265 nemine,
413 1214 433 1255 a
453 1214 521 1274 rege
542 1178 585 1255 ex*
601 1193 747 1264 condictu,
769 1200 805 1254 ut
824 1194 966 1266 diximus,
986 1193 1025 1255 ad
1047 1191 1225 1252 Ilnselmum

264 1287 410 1348 directum
442 1288 613 1366 reperimus
656 1287 782 1347 Detenti
812 1293 915 1347 autem
938 1288 981 1348 ibi
1002 1305 1107 1346 sumus
1135 1285 1224 1365 quin·
1317 1290 1319 1294 ‘

263 1380 360 1441 decim
389 1381 502 1451 diebus,
523 1386 616 1441 vente
644 1380 732 1440 nobis
760 1380 924 1440 transitum
956 1379 1143 1460 prohibente.
1186 1378 1225 1438 In
1294 1394 1296 1400 ·

175 1545 182 1553 ⁵
263 1491 326 1550 qua
345 1491 429 1533 mera
450 1472 529 1533 idem
543 1471 713 1532 Willelmus
734 1491 802 1533 cum
824 1478 910 1552 patre
932 1476 1050 1534 intrans
1067 1478 1100 1533 et
1112 1472 1225 1542 exiens,

264 1565 349 1625 etin
370 1584 474 1626 mensa
502 1563 584 1624 illius
607 1565 744 1643 quetidie
768 1565 937 1635 comedens,
958 1564 1037 1625 nihil
1067 1564 1106 1625 de
1135 1582 1226 1625 eausa

110 1671 227 1760 indii*
265 1676 320 1737 pro
340 1677 401 1739 qua
419 1660 528 1719 missus
549 1660 648 1720 luerat
668 1679 756 1739 agere
777 1659 906 1720 volebat
950 1659 1095 1720 Diovem
1115 1657 1225 1740 quinto

108 1719 236 1852 „suff
263 1750 388 1823 decimo,
408 1770 476 1813 eum
504 1772 559 1812 nos
579 1757 682 1811 nuntie
703 1759 846 1830 urgerent
866 1773 960 1812 naves
980 1758 1082 1831 petere
1110 1757 1143 1811 et
1170 1769 1225 1811 nos

111 1844 394 1907 *hamtesire
422 1844 505 1903 avidi
536 1844 575 1904 ad
606 1842 664 1905 lroe
693 1843 896 1922 fatigaremur,
917 1864 983 1907 eece
1015 1844 1134 1904 rideres
1161 1862 1225 1902 rem

224 1948 227 1954 '
265 1934 472 1996 miserandam.
515 1936 635 1996 Patrem
664 1937 780 2014 patrim,
802 1938 963 2015 primatem
985 1938 1080 1997 tetius
1101 1936 1224 1996 Britan·

264 2029 324 2089 nim
338 2028 507 2089 willelmus
529 2028 588 2097 ille,
601 2027 687 2105 quusi
710 2027 877 2106 fugitivum
898 2030 947 2089 vel
968 2029 1097 2108 alicujus
1119 2030 1226 2089 imma·
1318 2027 1322 2039 '
1465 2080 1466 2084 ,

142 2185 147 2195 ,
263 2122 312 2181 nis
331 2120 449 2182 sceleris
470 2139 562 2189 mum,
584 2119 615 2177 in
637 2119 739 2178 littora
760 2120 886 2193 detinet,
907 2140 942 2182 ue
963 2142 1001 2182 ne
1023 2141 1105 2182 mare
1126 2127 1358 2188 trans-mia.

263 2221 313 2274 eat
341 2234 379 2275 ex
411 2217 498 2293 parte
529 2212 575 2272 sui
607 2210 742 2270 (lumini¹
768 2213 868 2290 jubet,
899 2215 995 2275 donec
1025 2216 1128 2277 omnia
1156 2209 1227 2294 qum¹
1446 2202 1466 2241 *⁵

262 2326 362 2368 secum
384 2305 499 2368 serebat
518 2306 696 2387 singulatim
724 2304 805 2366 sibi⁸
826 2307 946 2368 revelet
990 2307 1101 2369 Allatru
1132 2308 1226 2389 igitur

261 2406 333 2461 ante
354 2400 441 2461 illum
472 2399 583 2480 bulgias
614 2406 647 2462 et
674 2401 816 2462 mantiem
836 2408 977 2463 reseratur
997 2410 1078 2476 sunt,
1099 2410 1132 2465 et
1160 2409 1226 2467 tota

261 2493 397 2572 supellex
418 2491 500 2553 illius
520 2512 573 2572 spe
593 2488 730 2572 pecunius
752 2493 935 2572 reperiendis
955 2495 1100 2556 subversa
1120 2503 1224 2557 etex·

262 2587 377 2666 quisita
396 2593 451 2658 est,
468 2587 585 2666 ingenti
608 2585 704 2666 plebis
725 2586 924 2648 multitudine
945 2587 1168 2661 circumstante,
1189 2610 1225 2652 ne
1292 2612 1295 2616 ⁴

262 2681 410 2741 netarium
442 2701 517 2761 epus
547 2700 601 2760 pro
632 2682 678 2740 aui
701 2681 840 2741 novitate
861 2682 1039 2743 admirando
1060 2686 1225 2762 spectante,

261 2780 294 2833 et
313 2774 478 2853 spectando
505 2780 671 2834 execrante.
717 2775 818 2833 Rebus
838 2794 909 2853 erge
929 2777 1050 2849 eversis,
1072 2776 1124 2835 sed
1146 2776 1225 2836 nillil
1318 2799 1319 2802 ¹

261 2886 364 2926 eorum
385 2886 514 2944 querum
535 2885 625 2927 carisa
646 2864 781 2926 eversm³
801 2873 874 2926 aunt
902 2867 935 2927 iu
959 2868 1003 2927 eis
1024 2874 1151 2947 repertu,
1172 2869 1224 2928 ‹le-

197 3028 199 3032 ,
261 2960 336 3026 lusa,
357 2959 529 3020 sollicitudo
559 2959 778 3040 perscrutantis
812 2964 866 3030 est,
897 2966 929 3020 et
957 2961 1119 3020 Ansclmus
1154 2979 1223 3021 cum

108 3074 246 3118 ιοιιιιιιι
261 3055 324 3115 mis
345 3053 427 3114 abire
448 3053 630 3133 permissus..
660 3053 769 3131 Itaque
797 3072 907 3112 navem
932 3055 1129 3134 ingredimur,
1151 3073 1225 3114 ven·

262 3147 303 3209 tis
323 3148 392 3208 vela
412 3147 605 3227 panduntur;
634 3153 666 3208 et
695 3153 765 3226 pest
794 3146 955 3219 modicum,
976 3155 1043 3208 orta
1067 3147 1226 3227 aliquanta

132 3246 245 3336 “tu-'2⁸⁸
262 3239 440 3301 difficultate
471 3240 524 3300 sed
553 3258 590 3299 ea
618 3247 755 3319 respectu
785 3239 954 3300 clementiis
987 3240 1045 3301 Dei
1074 3240 1106 3300 in
1140 3238 1225 3301 brevi

263 3334 375 3403 sedata,
395 3333 595 3412 prosperrimo
624 3332 757 3393 marinos
789 3333 898 3396 fluetus
928 3334 1025 3395 avecti
1057 3333 1225 3394 Witsandis

264 3444 319 3505 pre
339 3430 411 3486 voto
430 3424 612 3505 appulimus.

109 3530 240 3622 w·
306 3517 372 3577 Rex
389 3524 492 3578 autem
515 3516 684 3576 Willelmus
706 3518 759 3576 nbi
782 3519 902 3577 audivit
922 3518 1101 3579 Anselmum
1127 3526 1226 3579 trans·

80 3650 87 3661 ·
266 3610 397 3683 uetans,
424 3609 583 3671 confestim
612 3609 757 3690 precepit
788 3616 899 3673 cuneta
930 3630 999 3692 qum
1034 3611 1117 3672 illius
1145 3611 1226 3690 juris

266 3700 410 3763 iuerant‘
436 3701 474 3761 in*
496 3721 585 3762 suum
608 3702 769 3764 transcribi
793 3703 971 3775 dominium,
993 3710 1026 3765 et
1047 3705 1136 3765 irrita
1159 3704 1224 3774 fieri

266 3793 368 3857 omni·
393 3811 463 3873 quse
489 3813 543 3874 per
570 3795 669 3875 ipsum
690 3801 811 3857 mumta
830 3795 879 3858 val
900 3796 1136 3859 summisisse
1155 3814 1225 3878 pro·

296 4053 713 4124 summasunmna..
796 4062 1225 4129 mmmmm-«s

267 4132 720 4256 Α,ηιψιιιιιηιιιιιιιιιιιςιιιιιι.
768 4134 1166 4268 mmmmm
