3136 4890
212 512 272 573 124
425 492 572 572 rusromi
594 523 751 572 uovonuu
772 524 807 569 m
828 504 955 570 moeri.

78 709 188 755 enim
210 703 225 729 ‘¹
244 697 366 777 quondo
392 696 443 757 ilie
472 713 601 774 magnus
629 692 800 756 Willolmus
824 693 904 756 hone
929 699 1040 754 terrem
1070 693 1170 774 primo

209 790 365 862 “devicit
386 788 476 849 multi
490 806 612 849 suorum
633 785 692 847 sibi
714 805 769 867 pro
789 790 880 849 tonte
892 787 1023 849 victorie
1042 786 1169 868 oppleu-

209 891 224 917 '‘
244 868 366 956 dentes,
387 883 549 963 omniaque
577 881 648 944 suis,
671 880 884 943 voluntatibus
913 886 1007 962 utque
1038 881 1169 943 luxuriis

118 1021 122 1028 -
208 984 224 1010 ‘⁴
243 976 376 1041 obedire
396 996 432 1040 ee
452 975 542 1040 subdi
563 975 673 1039 debere
701 980 905 1049 autumantes,
926 994 990 1037 non
1013 975 1113 1037 solum
1135 975 1167 1037 in

207 1080 223 1105 ⁴¹
243 1068 442 1151 possessiones
472 1071 632 1143 victorum,
663 1071 718 1132 sod
746 1076 780 1132 ot
799 1070 833 1131 in
854 1070 936 1151 ipses
956 1072 1111 1130 metrorus
1131 1088 1168 1131 ee

164 1223 169 1230 .
207 1171 223 1197 “
243 1165 384 1246 virgines,
405 1164 457 1225 ubi
478 1165 607 1226 toenites
627 1163 694 1225 eis¹
714 1163 877 1244 aspirabat,
892 1162 1028 1225 nefando
1041 1163 1167 1224 libidine

208 1265 224 1290 '‘
242 1264 400 1338 ooeperunt
419 1257 559 1319 insanire.
609 1256 698 1332 Quod
719 1256 875 1322 nonnullos
896 1255 1107 1338 praevidentes,
1135 1262 1168 1318 et

208 1358 223 1383 “
243 1371 297 1412 suo
319 1351 428 1433 pudori
448 1355 628 1422 metuentes,
649 1351 833 1413 monasterio
853 1351 1008 1433 virginum
1023 1349 1166 1431 petivere,

208 1454 224 1478 ⁸⁸
243 1452 424 1527 eeoeptoque
459 1445 528 1507 solo
559 1465 623 1506 seso
654 1446 735 1506 inter
769 1446 849 1526 ipses
872 1464 893 1507 e
920 1450 1010 1506 tento
1037 1445 1167 1506 infamio
1210 1466 1217 1476 ·

208 1549 224 1574 ‘⁸
245 1548 408 1622 protexere
450 1540 526 1615 Qum
547 1540 647 1602 clodos
675 1559 745 1602 eum
776 1540 969 1620 postmodum
1000 1539 1113 1611 sedete,
1134 1543 1167 1600 ot

208 1642 222 1667 '⁸
244 1655 297 1715 pro
318 1633 462 1715 temporis
483 1633 632 1714 qualitate
652 1652 714 1713 pox
735 1633 824 1694 robus
846 1634 920 1695 doto
940 1631 1054 1703 suisset,
1083 1652 1166 1712 qum·
1188 1681 1190 1685 ,

36 1804 41 1812 ἣ
207 1737 222 1760 “
242 1729 335 1789 situm
356 1729 397 1789 ob
417 1727 522 1789 eodem
545 1732 630 1806 putre
660 1726 830 1811 Lonfrenoo
858 1733 912 1798 est,
940 1725 1015 1806 quid
1042 1725 1080 1786 de
1109 1723 1166 1784 iis¹

141 1894 144 1899 Ι
205 1828 310 1902 “qum
338 1820 393 1882 teli
422 1819 538 1900 refugio
568 1838 653 1880 suom
674 1818 852 1900 pudicitiam
880 1823 1081 1881 semoverunt
1101 1819 1164 1899 ipso

204 1923 219 1946 ‘⁴
239 1914 373 1983 sentiret,
394 1917 533 1972 essentne
560 1910 703 1971 videlieet
729 1912 970 1990 constringendus
991 1911 1024 1971 in
1045 1930 1163 1973 monus·

164 2070 167 2073 ,
203 2014 219 2038 “
240 2005 315 2067 torio
336 2004 437 2066 velum
452 2011 554 2066 tenero
573 2003 655 2082 quod
679 2009 865 2082 occeperunt,
890 2022 992 2065 noono.
1019 2004 1078 2082 ,At
1099 2004 1163 2084 ipso

203 2099 436 2177 “questionem
465 2098 561 2176 ipsam
588 2095 714 2157 oonsilio
741 2095 891 2173 generalis
911 2095 1030 2157 eoncilii
1059 2095 1164 2158 taliter

203 2198 218 2222 “
239 2190 338 2261 solvit,
359 2193 396 2250 ut
415 2189 458 2250 ois
479 2208 533 2269 pro
560 2187 701 2249 eostitote
729 2207 820 2267 quum
848 2207 880 2249 so
900 2193 965 2249 torn
992 2188 1162 2252 manifestio

202 2293 217 2316 '‘
237 2284 280 2344 roi
299 2283 470 2344 ostensione
494 2301 595 2343 omero
617 2285 736 2342 testato
757 2280 887 2351 fuerent,
909 2281 1044 2343 debitum
1066 2284 1164 2363 magis

202 2387 217 2410 “
238 2379 436 2439 reverentiam
467 2377 621 2456 judiearet
641 2375 851 2448 exhibendam,
872 2395 965 2456 quom
986 2377 1081 2438 ullam
1102 2398 1164 2439 sor·

200 2481 215 2504 “
235 2471 344 2533 sondro
378 2470 533 2552 roligionis
567 2468 797 2542 eontinentiom,
826 2470 886 2532 nisi
922 2471 1044 2552 proprio
1075 2472 1160 2534 illem

199 2573 216 2598 ‘¹
237 2565 395 2626 voluntate
416 2568 605 2642 appeterent,
628 2563 777 2624 violenter
791 2563 995 2644 ingerendum.
996 2565 1011 2590 '⁸
1055 2565 1096 2625 Et
1108 2566 1162 2626 ml·
1174 2581 1220 2625 us.
1227 2593 1249 2633 ρ
1255 2583 1296 2624 ιιι,

201 2657 394 2728 unxerunt‘
396 2656 471 2716 ‘His
485 2655 689 2727 interfuimus,
707 2656 774 2717 hmo
793 2657 955 2738 opproberi
976 2676 996 2718 e
1016 2659 1162 2740 sepienti·

180 2678 291 2884 *bus
326 2751 401 2810 viris
431 2749 613 2819 audivimus,
642 2755 674 2810 ot
704 2749 808 2810 hmo
801 2770 833 2809 m
864 2751 1008 2830 prmsonti
1039 2754 1163 2861 negotio

235 2843 337 2905 volero
357 2842 506 2913 uolumus,
527 2861 563 2904 eo
583 2840 718 2902 roborari
740 2842 936 2921 postulemus.
980 2843 1066 2906 Lieet
1080 2847 1200 2908 enim

199 2939 365 3002 “sciemus
384 2957 482 3001 eousro
504 2937 624 2999 illerum
646 2937 736 2998 istius
756 2958 820 3000 osso
841 2938 994 3012 leviorem,
1013 2941 1086 3003 dum
1100 2942 1170 3006 illm'
1202 2943 1208 2955 '

199 3038 349 3112 '‘sponte,
370 3034 431 3093 iste
450 3037 562 3101 euecta,
583 3032 649 3111 puri
671 3031 709 3091 do
729 3050 821 3093 eausa
851 3031 954 3113 velum
976 3036 1162 3113 portaverit,

198 3131 213 3156 ‘¹
234 3130 345 3199 temen,
373 3124 481 3205 nequis
509 3144 565 3185 nos
595 3125 699 3187 iuvere
730 3124 867 3205 cujusvis
895 3125 966 3188 duoi
998 3126 1160 3202 existimet,

198 3225 214 3250 '‘
233 3238 294 3280 non
315 3218 398 3280 ultre
418 3219 558 3298 progredi
579 3218 748 3297 injudicio
769 3218 919 3290 volumus,
940 3218 998 3281 hoe
1012 3221 1077 3282 solo
1089 3241 1160 3283 eon·
1247 3263 1249 3266 <

198 3319 213 3343 ⁴⁴
236 3310 323 3382 tenti,
343 3317 380 3371 ut
399 3311 480 3390 quod
509 3312 610 3372 veluit
629 3311 661 3370 in
692 3311 797 3390 mojori
829 3310 933 3372 volout
962 3311 996 3371 in
1025 3313 1160 3375 minori.”

198 3402 284 3468 Tune
303 3405 464 3466 Anselmus
486 3404 526 3466 ed
546 3403 620 3479 haeo,
641 3413 656 3439 ‘⁸
666 3403 759 3466 Scitis
780 3404 855 3485 quid
876 3404 1055 3479 monuerim,
1085 3408 1161 3488 quid

198 3505 214 3532 ‘¹
235 3499 434 3579 proiooperim,
455 3496 591 3578 quidve³
611 3498 740 3580 polliciti
761 3499 837 3560 sitis.
880 3499 959 3561 eum
983 3501 1088 3580 igitur,
1115 3522 1161 3563 se·

202 3599 218 3624 ‘¹
238 3592 371 3654 eundum
402 3591 485 3672 quod
512 3591 599 3653 vobis
619 3592 719 3653 visum
740 3597 788 3655 est
807 3593 930 3675 justius,
951 3592 984 3654 in
1004 3611 1162 3657 eommune

111 3761 116 3768 ἱ
200 3692 216 3719 ”
232 3685 444 3766 judioeveritis
473 3684 554 3748 sieut
577 3687 729 3759 esseritim
758 3705 815 3767 ege
842 3686 995 3767 judieium
1024 3691 1163 3751 vestrum

199 3785 215 3814 '¹
235 3797 298 3842 non
317 3778 436 3858 objieio,
456 3779 509 3840 sed
530 3797 566 3840 oo
585 3779 720 3841 securius
740 3777 817 3840 iilud
838 3778 978 3860 suscipio,
997 3785 1067 3866 'quo
1081 3781 1162 3844 tenti

187 4055 192 4063 ¹
230 4028 610 4178 :qq-uppremo·
732 4035 1025 4113 meusium„
1116 4059 1119 4063 ·
