3136 4890
120 608 123 615 ·
219 579 279 641 252
433 589 580 639 srsronrs
602 576 759 638 noventur
782 589 816 636 ru
836 588 963 637 suoru.

77 775 192 824 sustu
218 764 363 847 vilegium
379 759 381 763 ’
395 763 466 825 huie
497 761 561 825 loeo
593 762 722 823 inserere
753 761 828 822 ruihi
859 761 891 822 in
918 751 1055 823 animum
1083 761 1180 835 venit,

82 846 87 852 ’
217 859 417 922 consideranti
438 877 506 936 quro
523 861 554 917 et
568 861 683 936 ‹puonts
703 855 845 918 dicontur
864 876 884 915 n
904 855 1059 917 nonnullis
1079 855 1179 936 digni·

218 959 312 1014 tutom
343 951 474 1013 eoelesiru
503 949 731 1012 Contusriensis
760 949 973 1023 nescientibus,
999 947 1049 1011 vol
1077 949 1179 1029 potius

216 1047 291 1108 sciro
319 1043 500 1114 nolentibus,
521 1049 664 1124 olquam
686 1044 726 1105 ob
748 1064 811 1105 rom
832 1043 998 1124 primatum
1022 1061 1179 1124 supereo·
1212 1108 1215 1115 ‚

216 1139 337 1202 closisrn
366 1136 583 1198 Eborseensenr
612 1135 671 1197 sibi
701 1136 844 1198 roolsruet
864 1136 952 1216 qussi
974 1135 1178 1217 stupentibus,

217 1240 253 1294 ut
273 1232 405 1294 hobesnt
425 1231 519 1293 oeulis
539 1230 697 1312 prrotixum
711 1230 791 1292 undo
812 1230 921 1292 amodo
941 1229 1014 1292 corti
1035 1228 1179 1303 oxistnnt,

217 1325 290 1406 quid
312 1325 360 1386 oui
389 1323 496 1384 honum
526 1323 726 1393 eoelesionrm,
747 1322 871 1383 remotis
899 1323 1087 1404 orubsgribus,
1107 1341 1179 1386 oon·

217 1419 321 1480 sedero
341 1437 401 1478 non
423 1415 536 1495 injuris
555 1416 693 1477 ‹lebesnt
737 1415 792 1476 Est
812 1415 905 1496 igitur
926 1415 991 1479 hoo.
1192 1422 1313 1473 Ιιιιιιι.

251 1554 331 1606 Anno
352 1553 386 1605 sb
406 1549 593 1604 Iuennrntione
608 1549 716 1604 Domini
737 1550 821 1602 nostri
837 1551 900 1603 Jesu
915 1550 1015 1605 Christi
1036 1550 1179 1604 millesimo

217 1635 410 1703 septuagesimo
440 1633 564 1695 mondo,
593 1633 762 1701 pontificatus
791 1639 880 1686 ιιιιιιιιιι
911 1634 1002 1687 domni
1032 1633 1179 1687 Alexandri

218 1735 293 1786 popm
325 1715 473 1775 undecimo.
495 1714 571 1782 regni
592 1731 654 1767 rero
675 1715 803 1768 Willelmi
835 1716 942 1782 gloriosi
975 1716 1047 1783 rogis
1074 1715 1179 1783 Anglo·
1211 1727 1213 1731 '

217 1817 276 1851 rum
305 1804 334 1852 ot
360 1797 435 1850 ducis
463 1798 708 1850 Northmnunornur
740 1804 822 1860 msto,
844 1814 876 1850 ex
905 1804 1029 1867 prosopto
1059 1797 1179 1865 ejusdem

217 1879 372 1934 Alexandri·
390 1892 476 1947 popm,
497 1885 631 1931 nunuento
660 1879 751 1931 ernlern
781 1895 853 1946 rego,
875 1879 903 1931 in
932 1880 1074 1949 prussontiu
1095 1880 1179 1948 ipsius
1248 1911 1250 1915 -

216 1969 245 2016 et
264 1963 445 2030 episcoporum
473 1968 552 2028 utque
581 1962 705 2012 nbbotnnr
727 1960 856 2013 ventilato
884 1968 926 2014 ost
954 1978 1033 2014 ouum
1062 1961 1095 2014 do
1125 1962 1178 2030 pri·

218 2051 289 2096 runtn
314 2060 392 2111 quern
424 2043 585 2093 Innlrurrcus
617 2041 834 2103 Doroborueusis¹
854 2043 1066 2110 archiepiscopus
1099 2059 1180 2111 super

218 2127 405 2178 Eloruoousorn
426 2124 562 2175 ecclesium
581 2122 641 2188 juro
661 2139 717 2175 sum
744 2122 862 2176 occlude)
887 2124 1075 2191 proelumobnt‚
1096 2130 1125 2177 ot
1144 2125 1178 2179 do

216 2206 381 2274 quorundum
402 2195 634 2256 οιιίἰιιιιιίοιιίῑιιιιι1
655 2205 849 2272 episcoporum,
870 2204 904 2257 rlo
925 2206 1022 2272 quibus
1042 2206 1076 2258 od
1097 2223 1176 2274 quoru

215 2287 364 2355 speeiulitor
384 2287 547 2354 portinerent
568 2292 669 2338 eurtum
690 2285 801 2339 minime
821 2287 969 2340 consulut.
1011 2289 1047 2340 Et
1068 2289 1176 2341 tondum

211 2369 357 2438 nliquuudo
377 2367 489 2421 divorsis
507 2367 672 2420 diuersorum
688 2367 878 2436 scripturorum
896 2368 1098 2422 auetoritatibus
1117 2387 1177 2438 pro·

215 2452 305 2504 lutum
326 2458 405 2518 otono
425 2456 560 2502 ostensum
580 2455 630 2511 est,
652 2450 723 2518 qnod
744 2451 915 2503 Elomeeusis
935 2452 1046 2504 oeelesin
1060 2451 1176 2504 Contun-

130 2567 132 2573 ι
215 2534 295 2586 riorrsi
327 2533 421 2585 delient
451 2531 595 2599 snbjoeero,
625 2531 735 2599 ejusque
763 2532 964 2601 archiepiscopi,
995 2539 1026 2585 nt
1055 2533 1177 2602 primatis

216 2617 298 2667 tertius
325 2612 483 2673 Βιίιιιιιιιὶω,
506 2613 724 2680 dispositionibus
746 2615 773 2665 in
797 2613 829 2665 iis
851 2631 911 2681 quon
939 2614 973 2665 od
995 2615 1178 2668 Christisnum
1288 2667 1292 2676 ,

216 2696 373 2762 religionem
395 2694 530 2762 portinent
550 2695 578 2746 in
600 2695 723 2746 omnibus
744 2696 869 2748 olrosdiro.
898 2695 1096 2763 Snbjootionorn
1115 2713 1178 2749 voro

216 2775 413 2837 Dunelrnensis,
434 2776 485 2828 hoe
505 2782 547 2827 est
569 2775 802 2838 Lindislurnonsis,
820 2777 935 2844 episcopi
957 2783 1038 2846 otqno
1058 2778 1178 2831 omnium

216 2859 353 2925 rogionuru
375 2876 391 2911 ι
411 2857 533 2910 torminis
549 2857 731 2909 [licifeldensis
751 2858 869 2926 episcopi
889 2864 918 2911 ot
935 2859 1064 2913 Hnmbrre
1085 2860 1178 2927 magni

134 2962 138 2971 ·
217 2941 291 2993 fluvii
320 2957 402 3008 usquo
429 2939 463 2992 sd
491 2947 622 2991 ostremos
650 2939 747 2992 Scotirn
776 2940 851 3000 finos,
872 2946 901 2992 et
927 2939 1055 3008 quicquid
1074 2957 1107 2993 ox
1128 2942 1179 2994 huo

115 3040 123 3052 ⁵
216 3028 290 3090 porto
311 3018 433 3090 prodisti
464 3020 582 3073 fluminis
613 3020 648 3072 od
676 3021 828 3088 puroebism
859 3021 1030 3074 liboroeonsis
1059 3022 1178 3077 ooolosin

134 3133 140 3140 -
213 3103 274 3170 juro
295 3104 431 3171 oompstit,
453 3101 651 3156 Currtnoriensis
672 3103 1072 3173 metropolilonnsullboroeonsi
1092 3105 1178 3157 urchi·

216 3186 339 3254 episeopo
359 3183 469 3251 ejunus
495 3185 688 3236 successoribus
717 3183 745 3236 in
778 3190 934 3252 perpetuum
966 3184 1085 3238 obtinere
1114 3202 1179 3239 oon·

217 3268 304 3318 cessit.
353 3266 396 3318 Ito
429 3271 461 3317 ut
495 3265 518 3316 si
554 3263 752 3317 Csntuorieusis
786 3265 1000 3334 srehiepisoopns
1034 3267 1178 3321 eonsilium

217 3362 309 3413 eogers
329 3348 452 3408 voluerit,
466 3346 617 3415 ubieunque
638 3347 723 3398 visum
746 3345 771 3399 ei
793 3347 883 3408 luerit.
899 3347 1071 3402 Eborooonsis
1092 3350 1178 3402 orobi-

217 3429 354 3497 opisoopns
385 3429 426 3482 sni
458 3430 627 3497 prusentions
657 3445 719 3481 enm
750 3429 874 3482 omnibns
905 3428 955 3481 sibi
987 3429 1113 3497 subjectis
1143 3432 1178 3485 sd

217 3516 313 3562 nutum
340 3509 546 3576 ejnsexhibout
573 3518 601 3563 ot
626 3509 684 3577 ojus
711 3511 846 3563 oenonieis
873 3510 1091 3579 dispositionibus
1118 3513 1178 3567 obo-

217 3590 293 3644 dious
312 3591 416 3643 existet.
457 3591 532 3656 Quod
561 3597 649 3644 sutem
671 3592 844 3645 Eboroosnsis
872 3592 1086 3662 orohiepisoopus
1116 3611 1179 3663 pro-

218 3674 357 3726 fessionem
379 3673 560 3726 centuriensi
582 3673 779 3742 archiepiscopo
800 3675 886 3727 lsoors
906 3674 988 3728 etism
1009 3691 1071 3728 οιιιιι
1092 3692 1177 3730 nors·

218 3760 308 3808 monto
338 3753 440 3816 dobunt,
470 3754 633 3809 Innlrsnsns
664 3754 872 3810 Dorobornonsis
901 3757 1115 3827 srohlepisoopns
1144 3774 1178 3813 ox
1234 3822 1238 3827 ¹

216 4019 255 4138 ωι
261 4018 606 4152 mainfinitus]
619 4019 805 4070 ordlnstlonibns
818 4021 971 4083 qm·
980 4021 1029 4074 αἶ·
1040 4021 1179 4087 [ΨΜ
