3150 4994
139 449 182 508 22
360 459 506 507 nrsronrn
528 459 685 506 novennis
707 458 741 503 nr
763 456 888 503 nuens

141 647 217 703 unt,
239 658 288 695 nee
308 641 382 694 robis
410 657 459 694 neo
485 641 618 708 ntiqnibns
645 639 776 692 ministris
797 639 893 692 vestris
915 655 963 706 pro
984 638 1105 708 quelibet

142 725 225 794 culp·
244 724 428 794 rospondmt.
469 723 525 777 Nos
545 721 627 784 enirn,
648 737 710 775 enm
731 722 765 774 ud
785 721 864 774 villus
884 728 989 775 nostros
1012 723 1103 777 senio·
1179 725 1181 729 ’

143 799 227 870 nisis.¹
248 808 339 876 quoles
359 806 410 874 ipsi
430 806 471 859 rei
493 806 521 858 in
542 799 660 860 moribus
681 805 725 859 rel
752 805 781 857 in
805 805 847 858 sni
869 805 971 858 ordinis
991 805 1104 860 scientie

143 889 201 940 sint
221 889 346 956 pastorali
359 886 517 941 anctoritate
530 888 662 955 vestignro
681 888 816 941 debemus.
858 887 982 940 chrisme
995 894 1102 941 tentum

143 988 162 1023 ι
182 971 256 1024 robis
285 970 427 1040 accipient,
446 975 474 1025 et
501 987 533 1024 ee
561 988 621 1040 qun
651 969 801 1040 antiquitus
830 969 955 1023 instituto
982 976 1047 1024 sunt
1073 971 1103 1025 in

143 1055 295 1106 ehrinnetin
315 1054 466 1122 neeoptiono
487 1054 646 1122 persolvent.
690 1055 767 1109 Siesrt
786 1071 900 1121 nomque
920 1072 952 1106 on
971 1071 1032 1122 quio
1053 1072 1103 1106 on·

144 1135 258 1202 tiqnitns
278 1151 361 1203 usqne
388 1136 422 1187 nd
445 1144 537 1188 nostro
556 1142 677 1204 tempore
696 1144 874 1188 antecessores
893 1135 979 1188 nostri
1000 1134 1100 1188 hebno·

142 1224 209 1271 rnnt
236 1217 336 1273 nenne
367 1218 510 1286 vigilantis
540 1220 661 1288 cupimus
692 1219 796 1272 iitibntn
826 1209 954 1283 sorruro,2
973 1217 1013 1273 ite
1039 1219 1100 1272 eliis

141 1300 233 1352 debite
252 1301 351 1369 ulique,
372 1302 442 1370 qnod
463 1301 542 1365 elisit,
562 1304 735 1370 usurpatione
754 1303 879 1355 nolumus
899 1303 1038 1370 donegoro.

183 1397 233 1459 Ad
252 1396 318 1461 tuoe
338 1417 398 1480 qus
417 1399 604 1481 segentem
622 1398 679 1464 hoe
700 1399 780 1462 enirn
801 1401 892 1482 paulo
906 1406 978 1462 ento
992 1421 1100 1462 memo·

1 1469 2 1478 ἵ
44 1538 50 1549 .
140 1499 242 1554 rutum
263 1493 366 1573 paucis
387 1495 529 1574 replicare
542 1494 582 1555 ab
596 1515 627 1555 ro
648 1512 709 1556 non
730 1514 794 1556 esse
815 1494 1012 1574 putnvinius3
1032 1516 1100 1575 quie,

140 1586 274 1665 inquam,
294 1586 458 1667 segneiteto
478 1587 680 1649 memorabilis
704 1595 790 1667 poter
811 1587 997 1649 Lensrnueus
1017 1591 1101 1669 epud

138 1700 241 1759 regem
263 1679 446 1742 Witlolrnurn
468 1682 570 1762 egerit,
592 1689 628 1744 ut
654 1702 708 1762 per
735 1681 963 1762 inspirationem
991 1684 1099 1764 grntisu

138 1775 198 1835 Dei
219 1775 258 1834 nd
279 1775 343 1846 hoo,
356 1796 391 1837 eo
412 1777 597 1848 imminente,
610 1777 831 1856 perduceretur,
849 1783 885 1836 ut
905 1778 1098 1858 quamplures
1214 1773 1219 1783 ’

137 1876 236 1930 tems
255 1869 419 1931 nominstn
446 1869 577 1932 eeclesiis
605 1869 817 1932 cantuariensi
846 1869 973 1930 divorsis
1000 1873 1098 1934 causis

135 1981 175 2022 ne
195 1960 347 2022 violentiis
366 1961 522 2023 hominurn
544 1962 661 2023 sirletus
681 1981 736 2041 pro
757 1963 964 2040 redemptione
988 1967 1097 2026 nnirnm

134 2075 201 2116 suen
232 2057 413 2128 restitueret,
441 2061 474 2117 et
504 2055 614 2118 referre
645 2055 780 2138 longum,
810 2064 842 2119 et
862 2059 1013 2120 estisnevi
1035 2079 1097 2122 nou

134 2149 343 2210 neoesssriun
387 2148 559 2210 Esmndeni
580 2151 661 2210 enim
684 2156 831 2211 tenennn
853 2157 886 2212 et
908 2172 1051 2213 numerus
1065 2160 1098 2215 et

78 2316 80 2321 .
134 2239 261 2302 nomine
280 2241 377 2302 eidem
401 2241 533 2304 eeclesiis
561 2242 719 2302 notissime
739 2248 821 2313 sunt,
841 2249 873 2303 et
894 2244 1032 2305 redditus
1060 2245 1097 2305 il·

134 2335 234 2397 lerum
255 2355 294 2397 ex
323 2335 434 2416 quibus
465 2335 487 2396 ii
516 2334 569 2415 qui
590 2336 647 2396 sub
668 2335 733 2398 Deo
755 2336 812 2417 ipsi
834 2336 898 2400 ioco
919 2338 1097 2403 deserviunt

134 2434 354 2500 sustententur,
368 2448 423 2509 pro
440 2435 554 2489 sewrnn
575 2429 639 2509 ojus
654 2429 752 2490 solute
773 2431 867 2492 oeulis
884 2432 961 2510 justi
976 2433 1095 2496 Juelicis

133 2519 186 2583 dio
207 2528 356 2602 noctuque
376 2521 593 2583 considerando
619 2521 659 2583 eb
683 2522 794 2583 eisdem
817 2525 889 2604 ipsis
911 2533 1094 2605 prresontnn·

134 2622 194 2674 tur.
237 2616 317 2688 Quid
340 2616 442 2694 itaquo
463 2615 582 2675 (tentiis
604 2617 698 2695 ipsius
719 2617 849 2679 ecelesiis
871 2621 960 2679 torris
981 2642 1048 2700 qun>
1063 2623 1095 2682 in

133 2709 239 2770 eedem
269 2727 329 2790 qus
357 2708 429 2770 olim
460 2708 571 2770 abiete
595 2715 668 2769 sunt
689 2710 867 2790 direptionis
888 2713 1002 2792 injurio
1029 2736 1095 2794 per·

133 2809 268 2873 manent,
298 2802 516 2865 suecessoribus
547 2803 625 2862 tenti
656 2823 810 2863 servorum
846 2806 903 2866 Dei
932 2808 1095 2886 provisoris
1124 2807 1130 2819 '
1162 2851 1164 2855 Α

135 2895 304 2956 iaciendum
325 2896 374 2967 sit,
396 2897 512 2958 fructus
540 2915 629 2975 quom
652 2897 709 2958 iste
730 2919 768 2958 ex
791 2898 850 2959 iis³
870 2920 939 2980 quse
960 2903 1095 2962 restituit

133 2995 310 3050 eonseeutus
330 2994 377 3049 est
397 2988 517 3050 dooebit
537 3008 587 3049 eos
604 2990 696 3068 juxto
717 2992 797 3070 quod
819 2993 865 3052 sui
887 3013 988 3055 eurem
1003 2994 1095 3056 trebe-

134 3081 221 3142 bunt
262 3082 307 3142 Ro
338 3082 450 3143 etenim
479 3102 552 3144 seru
583 3090 614 3143 et
645 3083 712 3144 illus
744 3087 935 3161 restituisset,
958 3088 983 3148 si
1013 3089 1095 3152 ultre

135 3195 227 3255 quum
248 3176 328 3236 vixit
355 3176 512 3255 eliquanto
541 3183 676 3258 tempore
706 3181 929 3260 supervixisset
972 3183 1010 3243 In
1038 3183 1096 3248 hoo

134 3269 247 3349 quippe
267 3269 353 3328 illum
373 3287 468 3349 gnere
487 3270 583 3349 petris
604 3271 764 3335 Lnnsrnnei
779 3274 942 3354 prudentio
955 3277 1094 3350 dtrxerot,

134 3369 169 3423 et
188 3361 313 3442 pnefixo
333 3362 463 3437 termino
476 3363 508 3423 id
522 3385 553 3425 se
574 3364 725 3427 sseturum
739 3368 947 3449 spoponderat
980 3369 1093 3432 Verum

134 3456 209 3517 durn
229 3454 399 3536 sponsionis
425 3475 488 3517 sure
512 3456 621 3520 effectu
642 3460 734 3539 potiri
754 3480 817 3523 non
837 3463 957 3535 nonsit,
978 3470 1093 3543 quanio

132 3549 236 3610 studio
256 3549 324 3629 quis
344 3549 417 3611 dum
439 3554 539 3629 potest
558 3551 645 3613 bonis
665 3553 804 3616 insistere
823 3556 941 3628 debent,
954 3558 1094 3640 exemplo

132 3643 181 3704 sni
200 3644 389 3723 premonuit
432 3643 507 3706 iisse
528 3650 560 3706 et
579 3645 752 3727 hujusmodi
773 3670 842 3729 quae
866 3651 1014 3731 gloriosus
1040 3671 1094 3734 ps·

130 3740 181 3799 ter
199 3735 385 3800 hntrnnous
405 3738 564 3819 magnifiee
584 3744 726 3819 operatus
746 3749 793 3804 est
816 3744 843 3804 si
863 3744 1024 3825 quisquam
1043 3748 1092 3810 nti

161 3990 496 4053 nemim-sn.
663 3994 725 4058 us]
738 3995 824 4054 nnn.

159 4062 466 4126 'miv-wsb·
