3136 4890
257 487 280 544 4
305 462 312 476 ’
471 494 620 556 meream
641 493 796 542 ιιοιοιιιιιι
819 492 853 539 ιιι
874 490 1001 594 measa.

90 687 199 784 τι·
301 626 457 732 Translate
478 671 571 752 igitur
597 668 637 728 ad
658 665 793 728 ooelestia
817 665 907 725 beato
935 662 1106 730 Dunsteno,
1133 676 1216 719 eves·

19 783 28 796 ·
92 735 217 905 ΞΜ
257 763 345 842 tigio,
364 765 427 825 ut
419 784 483 844 ipse
504 762 693 843 praedixerat,
711 758 907 819 barbarorum
928 751 1089 861 irruptioni
1105 749 1218 829 Anglia

195 856 366 941 patuit
408 856 498 936 Regis
525 853 637 916 etenim
665 851 782 913 desidia
811 848 1003 911 circumcirca
1023 844 1159 905 innotuit
1186 847 1219 903 et

256 948 326 1008 ideo
345 955 516 1009 exterorum
537 946 698 1026 cupiditas,
712 965 783 1025 opes
804 942 972 1023 Anglornm
994 959 1085 1020 quam
1107 941 1234 998 mortes-

254 1041 407 1114 affectem,
427 1040 485 1104 hec
514 1046 545 1103 et
576 1039 647 1103 illae
677 1060 730 1121 per
760 1058 841 1100 merc
872 1042 984 1098 terram
1009 1032 1158 1103 invadere,
1187 1036 1219 1091 et

253 1135 354 1216 primo
382 1135 564 1216 propinquas
593 1134 668 1195 mari
691 1133 780 1193 villas
807 1137 841 1194 ct
868 1131 966 1202 urbes,
986 1127 1095 1189 deinde
1123 1144 1219 1186 remo·

254 1231 355 1302 tiores,
375 1249 410 1293 ee
430 1231 551 1291 demum
572 1235 669 1291 totam
690 1227 878 1309 provinciam
899 1222 1064 1286 miserabili
1084 1221 1217 1302 depopu-

254 1322 371 1386 latione
391 1325 557 1397 devertere,
598 1323 805 1398 Quibuscum
829 1322 879 1383 ille
900 1320 996 1382 nimio
1016 1336 1127 1400 pavore
1152 1335 1219 1396 pcr-

254 1436 360 1480 eussus
391 1437 452 1477 non
482 1418 575 1479 armis
605 1436 766 1487 occurrere,
787 1416 840 1476 sed
872 1414 946 1475 data
965 1413 1095 1494 pecunie
1115 1429 1218 1490 paeern

254 1508 360 1571 abeis
381 1516 482 1590 petere
503 1529 563 1572 noa
593 1507 771 1579 erubuisset,
801 1507 860 1587 ipsi
892 1511 1031 1585 succepto
1060 1502 1158 1583 pretio
1186 1501 1220 1560 in

255 1622 314 1663 aaa
334 1603 572 1674 revertebantur,
592 1609 629 1663 ut
656 1621 781 1662 numero
801 1619 924 1660 suorum
945 1600 1075 1660 mlaueto
1096 1595 1218 1656 serneio·
1275 1678 1278 1683 Ι

256 1715 306 1756 rea
327 1696 467 1767 redirent,
480 1717 515 1758 ae
533 1695 657 1775 priumie
678 1695 795 1756 iterator
817 1693 995 1773 irruptionis
1016 1690 1220 1768 multiplicate

256 1787 433 1868 reciperent
475 1787 567 1849 Unde
595 1787 685 1849 modo
712 1788 814 1849 decem
843 1785 947 1858 millia,
973 1783 1062 1844 modo
1089 1781 1218 1843 sedecim

257 1879 363 1948 millia,
397 1879 486 1940 modo
515 1879 626 1959 viginti
662 1886 793 1958 quatuor
827 1878 933 1950 miliia,
968 1877 1058 1936 modo
1092 1875 1220 1953 triginta

257 1970 356 2031 millia
384 1971 528 2032 librarum
552 1970 672 2050 orgenti
692 1970 843 2032 consecuti
866 1973 947 2039 sunt,
967 1967 1071 2029 omnia
1090 1966 1134 2026 eis
1162 1965 1219 2025 lar·

257 2064 360 2144 giente
375 2064 501 2145 presiate
515 2084 584 2145 rego
599 2062 775 2144 egelredo)
794 2069 826 2124 ct
846 2062 933 2143 gravi
947 2060 1105 2123 exactione
1119 2065 1219 2121 totum
1347 2068 1373 2088 ’·

258 2176 384 2237 regnum
405 2158 600 2238 opprimente.
1440 2217 1444 2224 ,

88 2281 236 2332 „ffl-
300 2249 385 2309 Inter
415 2250 475 2309 ista
495 2247 574 2309 mola
604 2255 730 2328 quartus
750 2268 769 2308 a
790 2249 879 2308 beeto
902 2248 1062 2307 Dunatano
1084 2245 1219 2324 AEtsegus
1232 2260 1278 2305 ιιι
1284 2263 1331 2312 aa

92 2328 242 2426 PM...
259 2341 427 2403 Wentanua
441 2342 597 2423 episcopus
623 2341 776 2403 eeclesiam
791 2340 1041 2402 cantuariensem
1056 2339 1218 2419 regendam

143 2424 211 2470 ¹⁸²¹
258 2437 398 2543 suscepit,
419 2437 467 2497 vir
487 2442 629 2497 strenuus
650 2444 682 2496 et
702 2437 742 2497 ab
762 2435 893 2496 infantia
913 2455 969 2495 sua
989 2454 1081 2495 sacrm
1101 2434 1221 2514 religio·

92 2557 179 2599 nsi»
259 2529 308 2588 nis
329 2529 394 2590 vito
425 2535 457 2590 et
486 2528 592 2589 babite
611 2529 778 2591 decoratus.
821 2529 881 2590 Hic
902 2529 1004 2608 igitur,
1024 2528 1203 2588 considerat
1181 2534 1220 2587 trs

90 2649 228 2700 m
259 2623 425 2684 innumeris
455 2622 542 2684 malis
573 2623 685 2702 quibus
716 2629 814 2685 totum
838 2642 963 2703 regnum
985 2623 1017 2682 in
1040 2623 1233 2682 immensum-

257 2715 485 2788 devastabatur..
495 2717 653 2789 inhorruit
668 2724 700 2779 et
713 2718 823 2798 quibus
841 2725 959 2796 poterat
980 2717 1076 2778 modia
1097 2737 1217 2796 operam

257 2810 329 2871 dare
349 2812 443 2891 oepit
463 2810 715 2892 quemadmodum
738 2811 923 2872 immanituti
945 2811 1143 2872 netisndorum
1164 2808 1217 2870 ho·

257 2905 374 2964 minum
403 2911 505 2986 posset
531 2904 657 2966 obviari.
699 2905 871 2986 Quod‘ipsi
894 2905 1099 2985 percipientes,
1120 2909 1152 2964 et
1179 2923 1218 2964 nc

256 2997 407 3058 consuetis
428 2996 597 3077 qurestibus
619 3000 814 3078 privarentur
841 2999 898 3059 sibi
919 3018 955 3061 ac
974 2998 1037 3058 suis
1058 2997 1219 3076 providen-

258 3094 313 3159 tes,
335 3088 366 3148 in
388 3088 488 3168 ipsum
509 3089 619 3151 seerbo
639 3091 709 3152 odio
722 3092 850 3152 animati
872 3097 951 3152 sunt
994 3090 1085 3152 Unde
1100 3096 1221 3151 vastata

258 3186 293 3239 et
312 3179 499 3260 contiagrste
516 3182 644 3243 civitate
665 3183 840 3257 Centenis,
855 3184 1031 3263 civibusque
1053 3184 1119 3263 ejus
1135 3181 1222 3243 lacri-

259 3270 365 3332 mabili
396 3290 521 3352 percos
541 3279 622 3336 sorte
643 3274 802 3347 damnetis,
830 3276 984 3339 ecelesiam
1007 3295 1127 3357 quoque
1155 3274 1221 3337 Sal·

258 3365 386 3427 satoris·
405 3365 437 3426 in
466 3386 502 3428 ee
530 3368 744 3430 consistentem
774 3370 896 3432 flamma
914 3370 1107 3450 consumpsit
1151 3369 1221 3450 lpse
1287 3389 1289 3394 ·
1368 3395 1372 3449 j
1398 3365 1403 3380 '

259 3466 347 3541 pater
382 3459 498 3521 interes
533 3460 687 3522 furentum
722 3463 863 3523 manibus
897 3465 1018 3525 rinctus
1052 3463 1222 3537 abducitur,

259 3550 422 3613 trucidetis
442 3551 541 3631 primo
560 3572 658 3614 eoram
680 3574 716 3616 ee
736 3574 812 3635 pene
833 3556 972 3617 omnibus
993 3555 1148 3619 monacbis
1167 3557 1220 3636 qui

258 3642 319 3705 sub
348 3642 413 3722 ejus
443 3643 590 3725 regimine
620 3646 651 3705 in
684 3646 751 3726 ipsa
781 3646 904 3708 ecelesia
938 3647 1068 3710 Domino
1100 3647 1222 3710 Christe

85 3738 209 3832 ..Γ
260 3735 495 3797 famulabantur.
552 3738 629 3799 Inde
664 3739 802 3820 AElfegus
837 3740 981 3803 naucellae
1015 3741 1145 3821 injectus
1182 3741 1222 3801 ad

85 3829 241 3931 mn
260 3827 422 3893 Greneric
442 3827 575 3903 vehitur,
589 3836 622 3893 et
641 3831 756 3895 erudeli
777 3833 921 3896 custodias
941 3853 995 3916 per
1009 3838 1124 3917 septem
1139 3853 1222 3896 men·

563 4075 902 4141 'minuerem
