3136 4890
486 533 627 581 insnum
649 531 889 580 nncmmnuem
911 532 1176 583 carminarem
1246 520 1304 583 ³51

339 716 355 740 ⁴⁴
377 708 483 767 inviam
507 705 698 767 mendicitati
727 705 914 785 subjugaret,
934 706 1027 788 elegit
1054 707 1152 769 vitam
1180 706 1306 788 perdere

340 810 355 833 ‘⁴
376 820 465 879 elnam
496 819 561 860 eam
592 798 648 859 tali
680 799 769 861 mode
799 800 960 863 custodire.
1001 800 1083 876 Quid
1115 799 1189 863 hine
1210 800 1306 883 igitur

339 901 355 924 ⁴⁴
377 899 431 951 tna
458 893 632 951 fraternitan
653 893 768 953 sentiat
786 893 893 955 audire
916 893 1078 955 desideru”
1119 893 1161 954 Et
1180 890 1325 973 quidem'

340 984 397 1053 ilie,
423 984 512 1043 sicuti
534 1002 632 1043 novus
661 985 780 1065 Angiiat
807 985 892 1059 civis,
927 984 991 1048 hae
1024 986 1202 1048 summatim
1236 1004 1303 1066 per·

272 1152 276 1160 .
339 1077 491 1157 stringens
512 1078 657 1139 Anselmo
678 1080 841 1161 proposuit

341 1204 344 1211 e
390 1172 536 1232 Attamen
570 1192 692 1233 eausam
727 1175 810 1236 necin
842 1174 930 1236 Beati
962 1174 1074 1255 AEliegi
1103 1173 1304 1237 historialiter

339 1261 496 1323 intuenteu
516 1263 655 1324 videmus
687 1284 747 1326 non
779 1264 863 1325 illam
892 1266 996 1337 nolam,
1017 1266 1069 1327 ned
1091 1267 1182 1328 aliam
1203 1260 1302 1329 'faianu

341 1354 400 1415 iata
427 1357 638 1437 antiquiorem.
680 1357 819 1438 Denique
849 1378 911 1419 non
938 1359 1006 1421 ideo
1034 1366 1156 1421 tantum
1177 1358 1251 1441 quia
1270 1378 1302 1421 au

340 1451 470 1528 pecunia
490 1452 636 1512 redimere
656 1452 764 1523 noluit,
784 1452 836 1512 sed
864 1453 958 1513 etiam
986 1454 1059 1533 quia
1085 1454 1212 1534 paganis
1234 1474 1302 1533 per·

341 1543 529 1602 secutoribus
564 1544 627 1604 auin
661 1544 817 1604 civitatem
851 1542 1049 1604 cantuariam
1082 1551 1116 1605 et
1148 1544 1303 1607 eoetoeim

342 1632 458 1694 Christi
481 1635 513 1694 in
534 1655 570 1696 ea
590 1637 680 1696 eitam
705 1636 975 1707 concremantibua,
995 1636 1135 1717 niveaque
1158 1637 1304 1700 innocue·

342 1731 436 1789 atmei
460 1738 556 1790 meite
577 1730 766 1799 necantibus,
787 1730 964 1791 Christiana
983 1729 1124 1793 libertate
1151 1732 1305 1805 omisere,

342 1842 451 1900 eosque
473 1842 492 1881 n
512 1843 566 1881 sua
596 1822 776 1882 infidelitate
803 1829 979 1883 convertere
1006 1824 1091 1882 ninua
1118 1831 1174 1892 eat,
1192 1825 1234 1885 ab
1260 1826 1305 1885 ein

342 1922 457 1994 eaptus,
479 1921 510 1975 et
530 1915 643 1975 crudeli
666 1923 713 1975 eat
741 1915 966 1976 examinatione
993 1915 1115 1978 oeeiaua
1157 1915 1220 1979 Sed
1239 1917 1305 1979 Aa·

342 2010 463 2079 seimus,
485 2018 521 2071 ut
543 2010 590 2070 vir
617 2011 749 2091 prudens
778 2011 844 2072 vire
872 2010 1025 2089 prudenti,
1052 2011 1146 2091 juxta
1175 2012 1304 2075 intent)-

342 2103 495 2178 gatienem
531 2102 587 2160 eibi
620 2104 803 2179 propositam
838 2102 1018 2180 uitnplieiter
1058 2103 1104 2163 iu
1137 2106 1304 2183 rennuendit,

343 2193 453 2263 dicens,
474 2202 489 2224 ⁴⁴
502 2193 603 2252 Palam
625 2194 772 2271 estquod
794 2194 819 2251 in
840 2194 892 2272 qui
918 2213 956 2253 nu
984 2193 1050 2254 leue
1082 2194 1205 2273 quidem
1233 2215 1304 2256 een·

343 2293 358 2316 ⁴¹
380 2292 429 2346 tra
463 2287 559 2346 Deum
597 2292 751 2366 peccatum
785 2287 930 2347 admittat
964 2287 1039 2348 mori
1076 2306 1138 2348 nou
1163 2287 1305 2359 ‘dubitat

343 2388 358 2410 ⁴⁴
381 2379 477 2438 multe
501 2380 632 2438 maxime
661 2381 735 2440 mori
768 2399 828 2438 non
859 2379 1015 2439 dubitaret
1042 2380 1218 2459 priuaquam
1246 2382 1304 2442 ati·

192 2481 312 2529 tta-ntea
343 2477 359 2501 ‘⁴
380 2491 440 2548 epm
474 2471 559 2548 gravi
590 2477 711 2549 peemte
740 2469 838 2529 Deum
867 2468 1068 2530 exacerbaret
1125 2470 1165 2531 Et
1199 2490 1305 2534 raven
1335 2538 1341 2549 ,

344 2573 358 2597 “
379 2565 502 2646 gravius
542 2571 697 2645 peceatum
740 2565 863 2624 videtur
902 2584 965 2625 eane
1003 2562 1159 2626 Christum
1192 2585 1304 2647 negare

342 2670 358 2693 ⁴⁴
379 2682 470 2740 ‹flnnm
506 2660 675 2740 quemlibet
710 2668 861 2721 terrenum
892 2659 1047 2721 dominum
1083 2680 1137 2742 pre
1167 2660 1304 2742 redemp-

343 2760 358 2784 “
380 2756 462 2815 tiene
484 2754 557 2813 viae
578 2774 642 2813 sirm
663 2753 799 2812 hominen
821 2770 891 2811 aues
919 2770 974 2831 per
999 2750 1183 2813 ablationem
1212 2772 1302 2832 pecu·

343 2853 358 2880 ⁴⁴
380 2849 439 2909 nim
475 2848 594 2909 illenim
626 2847 665 2908 nd
695 2846 844 2909 medicum
874 2864 1008 2927 gravare.
1050 2844 1111 2907 Sed
1139 2844 1195 2909 hae
1221 2846 1302 2927 quad

343 2951 358 2975 ⁴⁴
380 2945 481 3002 minus
512 2942 578 3003 est¹
606 2942 765 3021 AEliegus¹
795 2941 894 3001 noluit
924 2942 1028 3002 faeere.
1078 2940 1177 3003 Multo
1206 2942 1303 3021 igitur

342 3043 357 3067 ‘⁴
379 3038 480 3096 minus
502 3036 657 3096 Christum
680 3040 812 3114 negaret,
835 3035 861 3092 ni
890 3052 1002 3094 vesana
1030 3052 1138 3094 manua
1164 3052 1235 3096 eum
1261 3036 1302 3097 ad
1342 3112 1349 3123 Ι

228 3169 234 3179 -
343 3138 358 3162 “
379 3129 436 3191 hoe
460 3136 586 3191 mortem
620 3128 800 3189 intentando
828 3128 1053 3208 constringeret
1097 3126 1187 3190 Unde
1211 3128 1304 3191 datur

298 3260 302 3265 -
341 3228 358 3255 ‘⁴
380 3223 510 3301 intelligi
541 3224 617 3279 mira
648 3221 679 3278 vi
709 3230 813 3298 pentura
845 3219 909 3296 ejua
939 3220 1094 3297 justitiam
1129 3222 1303 3299 pmaedine,

341 3321 356 3344 ⁴⁴
378 3313 499 3392 (litando
528 3313 623 3372 uitam
651 3330 736 3372 atram
765 3309 875 3371 maluit
901 3312 973 3372 dare
1000 3330 1101 3391 quarn,
1124 3322 1228 3394 spreta
1253 3334 1303 3377 ea·
1388 3387 1395 3401 .

342 3416 357 3440 ⁴
379 3408 479 3476 ritate,
527 3405 679 3487 proximos
726 3425 795 3466 auen
836 3403 1045 3466 seandalizare.
1102 3404 1304 3481 Quamobrem

343 3505 358 3532 '⁴
380 3500 467 3577 longe
489 3499 551 3557 tuit
570 3499 611 3556 ab
631 3516 666 3557 ao
689 3498 765 3556 iliud
795 3497 849 3556 Vua
877 3496 958 3574 quod
988 3497 1139 3557 Dominus
1169 3502 1305 3562 minatur

342 3598 356 3621 ⁴⁴
378 3589 405 3650 ei
436 3609 489 3670 per
519 3608 609 3669 quem
641 3587 815 3649 scandatum
845 3588 940 3649 venit
982 3587 1048 3652 Nee
1078 3588 1239 3665 immerite.
1267 3598 1304 3655 ut

341 3690 356 3716 ‘⁴
378 3703 451 3751 reor,
474 3685 554 3742 inter
574 3689 722 3759 martyres
743 3689 946 3761 eomputatur.
967 3684 1021 3762 qui
1048 3702 1104 3763 pre
1130 3692 1220 3747 tanta
1236 3684 1304 3765 jua-

340 3782 356 3805 ⁴⁴
379 3775 449 3833 titia
479 3780 606 3833 mortem
637 3777 745 3852 sponte
773 3772 954 3833 nuatinuiuae
987 3774 1135 3837 veracitet·
1160 3776 1305 3857 pudio-

341 3877 356 3901 ⁴⁴
379 3876 436 3929 tur.
480 3867 560 3929 Nam
582 3874 614 3928 et
642 3867 755 3928 Beatua
785 3865 943 3930 dohanas
970 3868 1120 3951 Baptiata
1146 3872 1201 3953 qui
1227 3890 1304 3955 pm·

339 4025 437 4035 ——.
455 4028 471 4035 ι
479 4024 747 4035 ...ο---η-*ο
758 4024 985 4035 ——n—-on—-au
993 4024 1302 4043 *ont*

373 4110 440 4175 eea]
455 4112 575 4161 noeane„
822 4110 828 4173 ι
871 4110 1177 4179 mamurtina
