3136 4890
312 559 314 564 ⁸
346 545 405 606 140
558 558 707 604 maroam
729 557 886 604 uovorum
909 559 942 604 ru
965 555 1096 629 auorum..

207 745 319 793 nauca
345 735 544 809 compunctus
571 727 703 806 justitiae
735 747 806 787 mox
836 725 996 799 inhorruit,
1018 727 1140 787 et-auia
1168 725 1309 787 omnibus

273 891 275 895 .
346 821 469 901 spoliari
498 840 588 899 quam
623 826 684 880 tam
711 819 838 878 infando
859 818 1028 878 ministerio
1048 819 1106 879 sub
1127 820 1206 880 tanti
1228 838 1310 898 mys·

347 913 416 975 terii
447 913 711 974 administratione
740 913 850 973 collum
881 911 1027 973 inclinare
1056 912 1178 993 delegit.
1228 912 1311 989 Qua·

346 1013 470 1089 propter
490 1006 621 1088 episcopi
644 1025 699 1066 uua
727 1006 902 1067 confusione
924 1006 1064 1087 percumi,
1086 1006 1197 1068 inlecto
1218 1027 1310 1088 nego·

347 1103 399 1173 tie,
431 1103 470 1162 ulr
500 1102 628 1162 invicem
661 1106 736 1160 aunt
765 1101 844 1160 illico
879 1100 977 1161 «lirici.
1029 1101 1078 1160 Ad
1115 1101 1180 1162 luec
1215 1103 1310 1162 totius

192 1198 337 1287 mm
348 1195 557 1255 multitudinis
577 1214 645 1272 quur
676 1194 718 1252 rei
751 1194 867 1252 exitum
889 1199 1026 1272 spectare
1046 1200 1230 1254 convenerat
1249 1193 1310 1254 ela·
1370 1233 1376 1242 -

193 1292 320 1380 galuam
347 1308 412 1347 mor
433 1287 576 1357 insonuit,
596 1305 658 1345 una
684 1305 757 1346 voce
780 1285 965 1346 willelmum
987 1287 1061 1347 recti
1082 1294 1257 1358 amatorem,
1278 1293 1310 1347 et

194 1385 251 1433 Μ·
281 1406 284 1412 ·
346 1381 500 1461 episcopos
535 1400 596 1438 non
631 1380 785 1458 epiecopus
819 1379 870 1438 aed
902 1380 1033 1456 ¹justitie)
1071 1380 1311 1458 purcipitatores

346 1494 410 1534 eure
441 1472 657 1550 concrepantia.
699 1471 743 1530 At
773 1471 826 1540 illi,
856 1473 966 1531 mentia
995 1492 1058 1532 aure
1088 1492 1241 1533 rancorem
1272 1492 1311 1532 ex

347 1565 452 1626 vultus
483 1565 697 1631 immutatione
729 1564 905 1643 pandentem
936 1585 1036 1644 regem
1068 1566 1192 1635 adeunt,
1216 1565 1311 1626 illata

348 1659 404 1717 eibi
436 1656 629 1717 contumelire
660 1657 881 1734 ‹prerimoniam
913 1676 1012 1716 coram
1043 1655 1095 1715 illo
1120 1657 1310 1735 depromunt

351 1748 520 1831 willelmus
550 1747 582 1805 in
614 1746 746 1805 medium
779 1747 948 1818 deducitur,
969 1749 1083 1827 patrati
1115 1748 1217 1808 delicti
1243 1769 1311 1808 rens

348 1847 515 1911 accuratur,
551 1840 640 1900 minis
673 1860 732 1899 non
768 1840 886 1899 levibus
918 1839 989 1900 hine
1024 1841 1094 1902 indo
1129 1841 1310 1904 concutitur.

350 1936 405 1997 llle
426 1942 496 2003 atat,
517 1955 572 1994 nec
591 1933 682 1993 evelli
713 1939 851 2011 potesta
872 1940 962 2003 recto,
983 1940 1015 1992 et
1043 1934 1110 1993 ideo
1130 1936 1193 1994 uuis
1214 1936 1311 1994 omui-

195 2039 281 2126 arrpm
349 2029 406 2088 buu
427 2026 614 2105 exspoliatus
636 2026 813 2084 eliminatur
832 2044 851 2083 a
871 2046 971 2104 regno.
1017 2026 1135 2098 Quaerit
1147 2027 1311 2089 Anaclruus

193 2097 307 2220 ᾗῇ*
349 2142 440 2201 super
471 2119 538 2180 iutie
561 2139 669 2196 aroge
696 2118 846 2195 jmlieiuru
879 2130 911 2179 et
937 2117 1102 2194 justitiam,
1123 2121 1175 2181 aed
1206 2123 1311 2201 nequi·

197 2190 216 2236 '⁰
243 2189 281 2265 .⁸'
348 2233 447 2292 cluam.
491 2213 604 2270 Iter-nm
635 2219 728 2287 atque
759 2211 867 2269 iterum
899 2231 1000 2289 precer
1029 2216 1062 2270 ct
1090 2212 1227 2290 ‹prerelau
1256 2233 1312 2292 pro

347 2303 494 2384 qualitate
517 2303 629 2382 negotii
652 2301 795 2381 urrggmrit
817 2302 869 2361 sed
898 2301 949 2360 ille
977 2321 1032 2362 nce
1053 2323 1144 2383 prece
1162 2323 1217 2364 nee
1238 2325 1311 2385 ‹pre-

347 2397 477 2458 rimouia
499 2405 598 2457 motus
618 2402 719 2475 erupto
740 2396 884 2457 ‹lesistcre
907 2396 1012 2457 voluit

210 2492 320 2570 llll-¹¹⁰³·
389 2491 592 2568 subsequenti
625 2490 736 2549 deliine
768 2491 868 2549 media
896 2491 957 2550 sere
989 2491 1221 2571 quadragesima
1257 2513 1311 2553 rex

193 2561 329 2652 &liiidie
349 2582 544 2643 Cantrmriam
569 2583 662 2651 renit,
676 2583 823 2661 rpuedam,
844 2588 880 2642 ut
901 2582 1061 2653 serebatur,
1083 2585 1167 2663 regni
1190 2586 1312 2664 negotia

191 2654 331 2703 mm*
350 2677 454 2736 Dolriu
475 2697 543 2736 cum
565 2677 674 2735 comite
691 2675 842 2735 lllundrlre
864 2682 1056 2735 tractaturus.
1100 2678 1236 2736 lllorutua
1257 2698 1310 2737 au·

349 2761 408 2827 lem
443 2769 544 2826 triduo
574 2767 748 2826 Cautuarim
769 2773 824 2836 cst,
845 2775 877 2825 ot
897 2767 977 2844 quod
999 2769 1036 2826 de
1061 2769 1180 2828 comitis
1201 2770 1310 2848 ageba·
1391 2785 1397 2791 ’

348 2866 399 2922 tur
420 2862 554 2921 ndvcntu
588 2860 665 2919 nilril
696 2860 785 2918 luiuue
810 2860 949 2939 agnitum
971 2864 1025 2921 est
1068 2861 1216 2939 Agnitum
1239 2882 1311 2924 vero

348 2961 395 3014 eut
415 2975 507 3033 quare
529 2955 655 3023 venerit,
676 2961 709 3012 et
740 2953 834 3031 ipsius
865 2974 955 3012 murm
984 2956 1099 3014 occario
1120 2957 1228 3032 putuit
1273 2957 1309 3014 ln

193 3058 321 3146 'rintorp
348 3049 409 3107 illia
430 3050 543 3127 quippe
564 3047 671 3107 dicbus
699 3065 754 3124 per
773 3066 843 3105 arros
863 3045 1006 3106 convenit
1027 3046 1215 3117 dnsclnrum,
1236 3035 1309 3127 qua-⁵

194 3116 440 3210 maurinus,
461 3161 516 3201 sua
533 3141 596 3218 jam
620 3140 741 3199 diutina
761 3141 911 3218 patientia
931 3139 1093 3213 delibutus,
1114 3147 1309 3220 paternarum
1322 3162 1396 3214 m

348 3233 599 3291 consuetudinum
621 3231 753 3308 amplius
773 3231 830 3289 eibi
860 3232 902 3289 nil
925 3231 1091 3310 derogaret,
1113 3253 1150 3290 no
1172 3233 1310 3312 irritatus

348 3332 503 3403 cogeretur
533 3328 603 3382 actu
633 3327 800 3381 monstraro
829 3322 961 3400 qualiter
988 3342 1025 3383 oa
1053 3343 1122 3403 qure
1151 3345 1183 3384 se
1204 3331 1309 3387 eontra

349 3418 480 3477 lociclmt
502 3416 559 3474 ribi
581 3416 722 3475 rederent
750 3416 782 3474 in
810 3423 919 3476 mente.
962 3417 1050 3488 Nam,
1071 3419 1151 3479 aient
1178 3439 1232 3498 por
1258 3440 1309 3480 eoa

349 3508 401 3583 qui
422 3500 603 3565 secretorum
635 3505 716 3562 illius
746 3505 857 3564 conueii
882 3513 970 3566 erant
990 3509 1144 3568 nonnullis
1165 3510 1309 3582 innotuit,

348 3599 537 3677 ‹lispoeucrat
567 3596 648 3676 apud
679 3615 711 3654 ae
743 3594 829 3656 illum
860 3605 916 3658 aut
944 3597 1046 3679 aliquo
1069 3601 1156 3681 gravi
1177 3603 1310 3684 corporis

349 3692 460 3751 darnno
489 3690 716 3757 incoronare
744 3695 825 3748 corto
855 3691 1013 3750 inhoneste
1035 3699 1119 3752 trane
1140 3714 1222 3755 maro
1244 3697 1310 3773 pul·

349 3801 462 3852 eurum,
496 3799 532 3840 ac
566 3779 686 3839 domum
722 3779 825 3839 omnia
853 3780 917 3860 juri
947 3782 1078 3845 ceeleeiae
1105 3789 1311 3866 competentia

349 3877 549 3957 direpturum,
570 3873 596 3933 ai
618 3892 686 3934 eum
707 3873 746 3934 ad
768 3875 977 3936 executionem
998 3897 1062 3939 eure
1083 3879 1253 3944 veluntatis
1273 3884 1311 3946 de

350 3976 424 4030 nolu
444 3966 567 4048 querela
595 3986 655 4027 non
685 3968 830 4046 reperiret
856 3970 981 4029 omnino
1001 3979 1149 4050 paratum.
1192 3975 1312 4050 Quibus

252 4044 261 4133 ⁰,
349 4062 470 4146 agnitis,
493 4061 538 4122 ita
566 4066 652 4141 pater
680 4059 842 4122 Anselmuu
870 4062 1035 4146 respondit,
1065 4063 1208 4131 “Nuneii
1236 4088 1312 4151 quoe
