3136 4890
186 507 189 513 .
234 450 293 510 230
322 469 324 473 ’
450 461 599 537 nrsrenrn
620 459 776 524 nevenon
795 461 829 509 ru
853 458 978 509 ruanis

95 656 211 700 anun
235 631 431 698 numerabilis
452 651 693 715 quaquaversum
713 638 817 697 coacta
836 630 995 695 hominum
1022 630 1196 696 multitude.

237 731 353 811 Itaque,
388 729 480 809 juxta
514 728 595 808 qued
630 727 730 789 suerat
770 727 1016 809 praeordinatum,
1050 726 1197 808 prefatus

236 824 397 885 hnsclmus
419 821 546 902 pallium
572 821 699 883 invase
727 826 871 902 argentee
902 820 1065 884 honorifice
1095 820 1197 882 terena

237 914 433 979 cantuariam
457 915 551 986 venit,
572 914 710 994 itumque
737 919 785 975 est
811 913 857 975 illi
884 913 1006 995 obviam
1034 934 1129 994 usque
1156 911 1198 975 ad

236 1014 354 1090 portam
382 1007 517 1071 civitatis
545 1007 586 1069 ab
613 1012 741 1087 utroque
768 1012 919 1070 conventu
948 1007 1077 1068 duamm
1105 1005 1197 1068 ccele-

237 1103 358 1174 siernrn,
390 1100 664 1181 archiepiscopatus
697 1099 812 1163 scilieet
845 1107 877 1163 et
917 1098 1025 1164 vicinae
1065 1098 1198 1162 abbatiae

238 1196 343 1258 Sancti
367 1194 541 1276 Augustini,
561 1212 630 1257 eum
653 1194 794 1256 omnibns
818 1193 870 1275 qui
896 1213 951 1276 pre
973 1194 1031 1258 hoe
1054 1192 1121 1275 ipse
1144 1192 1218 1256 illo'

238 1289 455 1358 confluxerant
497 1287 588 1350 Peter
612 1288 685 1370 ipse,
705 1288 837 1370 stipatus
865 1288 1020 1370 episeopis,
1048 1293 1079 1350 et
1109 1285 1199 1348 indu·

240 1390 299 1457 tus,
332 1389 369 1446 nt
402 1383 464 1457 alii,
491 1382 627 1445 restibus
661 1382 761 1455 saeris,
791 1383 881 1445 nudis
912 1381 1041 1464 pedibus
1070 1381 1200 1444 ‹levetus

71 1498 196 1548 ἰιιριιιι
240 1477 377 1541 occurrit
418 1477 527 1558 Sicque
553 1477 688 1538 delatum
712 1496 803 1558 super
826 1477 921 1539 altare
946 1476 1113 1539 Salvateris
1135 1475 1200 1556 pal·

83 1547 231 1645 :ime
241 1572 316 1634 lium
346 1576 401 1645 est,
421 1578 454 1632 et
481 1591 501 1633 a
531 1569 672 1651 pontifice
704 1570 775 1632 inde
804 1569 989 1652 susceptum,
1007 1570 1088 1634 sacta
1115 1568 1200 1652 priua

85 1639 220 1776 W
242 1667 377 1729 nomano
397 1665 532 1747 puisse
554 1666 592 1726 es
616 1663 764 1727 neeriae
790 1671 823 1727 se
850 1665 995 1729 anone
1014 1663 1200 1728 sescena

98 1733 220 1874 ἔξω
241 1762 430 1844 professione.
485 1759 604 1822 Deinde
639 1780 693 1841 pre
727 1761 897 1822 reverentia
930 1761 1019 1822 Beati
1050 1759 1131 1822 Petri
1160 1758 1335 1821 abram

147 1854 154 1867 ’
241 1856 381 1919 omnibus
410 1851 657 1927 deesenlelsennst
686 1859 718 1916 et
747 1854 874 1916 indutus
896 1872 933 1916 ee
956 1853 1094 1936 pontifex
1118 1873 1200 1915 snm·

241 1972 309 2012 mus
338 1950 378 2012 ad
408 1949 581 2013 cathedram
614 1947 836 2028 patriarchatus
871 1948 1040 2030 huglerum
1074 1948 1202 2030 gloriose

240 2044 414 2127 perducitur
441 2048 473 2103 et
503 2040 736 2104 inthronizatur.
791 2040 874 2104 Ante
904 2061 996 2123 quarn
1026 2042 1201 2106 cathedram

241 2138 330 2200 dictis
356 2136 553 2209 erationibus,
585 2141 617 2196 et
643 2135 713 2197 aliis
740 2155 809 2217 qnae
836 2137 932 2218 ipsius
959 2137 1092 2201 eeclesiae
1119 2156 1202 2200 sacar

241 2250 312 2292 neus
340 2230 399 2293 ‹liei
428 2228 573 2301 instituit,
595 2247 665 2290 rnex
693 2230 825 2293 ecelesiae
854 2230 1045 2312 Wigernensi
1073 2233 1202 2294 antistes

81 2324 362 2427 weicctns,
381 2319 611 2384 TheedeaIdus'
631 2323 760 2396 nomine,
778 2324 807 2384 ei
833 2324 1058 2407 consecrandus
1071 2344 1203 2407 praesen·

80 2389 107 2429 or
436 2418 443 2433 .
680 2417 687 2431 .
1016 2418 1022 2434 .
1179 2419 1186 2435 .

84 2433 204 2519 m
242 2422 333 2481 tatur.
385 2416 446 2492 Qur
468 2417 509 2477 ab
532 2435 567 2477 eo
590 2421 790 2490 examinatus,
810 2422 843 2479 et
864 2437 946 2480 mere
968 2417 1058 2480 sohte
1079 2437 1202 2481 canem·
1273 2467 1275 2473 ,

96 2525 214 2620 sapon.
240 2532 306 2575 eam
327 2511 355 2573 ei
375 2507 433 2573 ae⁸
459 2509 677 2573 suecessoribus
706 2511 769 2571 anis
797 2510 1013 2573 oboedientiam
1042 2512 1202 2594 professus,

83 2524 153 2614 Μ
240 2612 375 2670 sacratus
395 2609 442 2666 est
462 2603 623 2666 honorifice
645 2605 678 2665 in
707 2605 917 2685 pontificatum
947 2607 986 2667 ad
1016 2626 1106 2687 quern
1136 2608 1201 2671 sne·

240 2707 288 2761 rat
317 2698 530 2782 praetitulatus
580 2696 662 2760 Huic
690 2699 907 2761 consecrationi
938 2700 1144 2762 interfuerunt
1169 2708 1203 2764 et
1302 2697 1303 2700 '

239 2795 392 2875 adjutores
415 2792 587 2854 extiterunt
614 2791 745 2872 episcopi
775 2791 828 2872 qui
859 2800 1071 2866 convenerant,
1093 2794 1202 2855 videli-

239 2894 287 2950 cet
306 2886 454 2950 Ricardus
475 2885 704 2957 lundoniensis,
727 2886 874 2967 Regcrim
894 2884 1105 2962 serberiensis,
1123 2887 1202 2951 Her·¹

240 2982 342 3043 bertus
377 2977 588 3051 Norwieensis,
621 2979 772 3041 Rednlms
808 2979 1012 3055 cicestrensis,
1045 2979 1203 3046 Jehsnnes

240 3076 461 3148 Bathoniensis,
482 3075 622 3137 Hervcus
651 3074 803 3138 Filiensis.⁴
846 3075 934 3153 Quod
964 3076 1121 3159 episcopus
1141 3079 1202 3141 Ro·

243 3171 336 3233 iensis
364 3188 400 3233 ea
429 3168 486 3244 die,
515 3168 587 3232 lieet
610 3169 742 3244 affuerit,
759 3176 901 3255 ¹secretus
928 3190 990 3234 nen
1017 3171 1086 3248 snit,
1107 3173 1140 3234 in
1167 3193 1203 3236 eo
1241 3166 1253 3178 “

244 3265 395 3338 remansit,
426 3264 542 3327 ratione
578 3263 702 3327 detento
737 3284 806 3345 qnae
839 3266 873 3327 in
904 3266 989 3329 aliud
1019 3271 1140 3349 tempus
1171 3267 1203 3346 id
1279 3322 1285 3330 .

208 3389 211 3392 ⁴
243 3358 441 3421 differendum
462 3359 557 3439 magis
578 3359 721 3438 expedire
742 3360 892 3440 persuasit
911 3359 1014 3423 anime
1035 3360 1107 3443 ejus

85 3452 204 3547 wahe
286 3451 416 3513 litteras
437 3468 554 3531 quoque
576 3470 630 3530 per
650 3450 682 3511 id
703 3453 848 3531 tenrperis
868 3452 1009 3517 dominus
1036 3473 1117 3536 papa
1144 3455 1204 3517 ira·

86 3546 188 3588 ’ΜΨ
245 3544 343 3606 tribus
370 3542 501 3604 eeclesia
530 3541 644 3604 Christi
674 3541 903 3607 (iantnaricnsis
929 3547 1105 3621 destinavit,
1128 3565 1205 3628 quus

86 3589 221 3640 maru
267 3638 274 3652 ,
558 3635 564 3648 .
886 3637 894 3652 .

83 3638 173 3725 (dm
243 3637 294 3699 hee
314 3653 424 3717 ponera
444 3652 505 3695 nen
526 3633 658 3696 alienum
675 3636 783 3717 putavi
800 3653 820 3700 a
835 3643 961 3701 retrone.
1002 3637 1085 3705 Sunt
1100 3643 1204 3703 autem

84 3727 300 3792 ”hine

272 3981 280 4013 ¹
291 3977 479 4042 ameum]
492 3978 645 4039 inculatur,
656 3980 687 4029 Δ.
775 3981 838 4045 ⁸ec]
850 3989 884 4042 ct,
894 3982 924 4032 A.

273 4057 283 4087 ¹
297 4050 469 4115 reseratae]
482 4053 636 4109 teodoaldus,
646 4055 677 4102 Δ.
777 4054 787 4086 ⁴
797 4052 916 4120 Breues]
929 4053 1047 4119 Ripensis,
1057 4058 1087 4111 h.
