3136 4890
4 510 63 571 1⁸2
213 513 362 571 arsromn
382 519 539 571 uovoauu
560 519 596 568 ru
615 519 741 569 aucam

5 697 38 759 ln
57 716 146 760 omne
159 695 239 776 quod
254 695 395 776 deinceps
414 696 592 776 praeciperet
612 692 869 775 promptissimam
883 710 968 754 men·

6 796 67 852 tem
88 789 208 861 babere,
227 807 282 849 nec
308 788 438 849 ulterius
457 808 477 850 a
497 789 636 848 Romana
662 785 787 850 eeclesia
808 785 885 847 velle
905 784 967 845 dis·

5 883 125 945 sentire.
166 881 208 943 Et
241 879 429 963 subjungens
462 881 515 956 ait,
551 881 742 960 “Propterea
774 879 897 942 obsecro
931 881 969 941 ut
1066 952 1073 963 ‚

5 983 22 1011 ‘⁴
42 995 161 1038 omnem
192 994 306 1038 moram
338 976 488 1056 rumpatis
517 975 550 1036 in
577 974 736 1047 veniendo,
757 991 796 1035 ne
824 973 902 1036 forto
929 992 968 1035 ex
1066 1012 1069 1016 -

5 1078 21 1104 ⁴⁸
41 1068 169 1131 adverso
196 1067 299 1148 aliqua
326 1067 479 1130 saecularis
499 1086 574 1129 aura
594 1070 779 1147 prorumpat,
802 1086 870 1145 quse
898 1084 969 1126 eum

1 1152 22 1197 '¹‘
41 1163 81 1225 ab
112 1161 179 1225 istis
209 1159 394 1224 subvertat''
444 1161 521 1225 Haec
549 1161 602 1223 ille
630 1161 756 1222 audiam
785 1159 851 1221 Deo
879 1177 970 1239 super

3 1253 177 1317 admirabili
198 1255 277 1317 dono
298 1255 364 1334 ejus
384 1256 502 1335 gratias·
519 1254 590 1336 egit
610 1259 792 1334 acceptaque
813 1251 937 1314 lieentia
950 1270 970 1311 a
1009 1251 1011 1255 ’

4 1349 159 1421 iratribus,
179 1348 260 1410 inter
288 1367 364 1428 quos
387 1349 455 1429 jam
485 1347 538 1409 diu
571 1365 682 1429 magno
710 1366 779 1410 eum
807 1364 908 1407 amore
936 1349 970 1406 et
1075 1341 1079 1351 '

3 1443 116 1508 honore
147 1441 245 1506 habiti
277 1442 439 1515 fueramus,
459 1443 492 1505 in
512 1442 656 1524 Angliam
681 1443 781 1503 iturus
803 1439 969 1504 (lemmati-

2 1556 73 1599 cum
94 1533 187 1597 venit
228 1534 292 1597 Ubi
314 1541 460 1612 renovata
481 1535 660 1594 infimitate
681 1551 749 1613 qun,
765 1537 803 1593 ut
822 1550 969 1592 memora·

2 1630 112 1703 vimus,
141 1627 229 1691 Becoi
260 1633 406 1709 gravatus
436 1628 586 1700 saerata
613 1627 678 1690 looo
706 1624 824 1707 digredi
855 1643 969 1704 nsqua-

2 1726 96 1804 quam
125 1720 234 1804 potuit
277 1722 468 1803 Quapropter
488 1721 587 1782 missis
616 1720 648 1782 in
678 1720 821 1800 Angliam
848 1719 968 1782 nunciis

3 1815 164 1876 intimavit
183 1814 247 1894 regi
268 1813 342 1892 quid
363 1813 421 1874 sibi
441 1833 480 1873 ne
494 1814 607 1873 rediret
625 1812 773 1873 obstabat
815 1809 969 1872 Turbatur
1066 1873 1070 1882 ,

4 1908 56 1970 ille
76 1907 116 1969 ad
137 1907 253 1980 audita,
273 1911 306 1967 et
325 1904 521 1967 vehomenter
540 1903 680 1976 indoluit,
697 1904 806 1985 jurans
827 1924 881 1985 per
901 1923 968 1965 ver·
980 1919 1103 1972 maana
1215 1906 1219 1948 1

4 2003 77 2064 bum
112 2001 172 2062 Dei
205 2019 237 2061 ss
271 1999 373 2061 omnia
400 2000 513 2060 damna
539 1999 739 2078 aequanimius
767 1998 968 2060 toleraturum

4 2112 95 2172 quam
109 2091 245 2152 Anselmi
259 2091 421 2152 decessum.
466 2090 610 2150 Remissis
630 2110 701 2169 ergo
722 2089 875 2151 celerrime
890 2110 967 2151 nun·

2 2185 64 2258 ciis,
85 2189 155 2247 orat
174 2184 276 2245 virum
296 2183 355 2244 sibi
376 2183 441 2263 ipse
461 2202 591 2263 parcere,
609 2201 645 2244 ae
665 2183 846 2244 omnimodis
867 2182 968 2244 indul·
1026 2260 1029 2266 ,

1 2299 72 2361 gere
93 2276 198 2360 quieti.
240 2276 388 2357 Praecepit
409 2296 528 2357 quoque
550 2281 586 2339 ut
606 2275 643 2337 de
665 2276 703 2337 iis
724 2296 793 2356 qum
817 2276 864 2338 sui
888 2276 968 2357 juris

2 2374 37 2432 ia
57 2370 249 2431 Narmannia
268 2376 356 2430 erant
376 2390 431 2448 pro
453 2377 525 2430 vote
545 2369 703 2447 acciperet,
717 2374 749 2430 et
769 2368 828 2429 sibi
848 2387 885 2430 ae
904 2370 968 2429 suis
1051 2366 1054 2372 ’

2 2463 114 2525 exindo
134 2462 300 2536 ministrari
319 2460 503 2524 sufficienter
518 2461 650 2540 juberet,
663 2481 754 2541 seque
776 2462 808 2521 in
828 2461 968 2543 proximo

3 2556 271 2620 transfretaturum
292 2559 473 2636 expectaret.
515 2555 583 2629 Quo
604 2554 669 2635 ipse
688 2555 820 2636 gratiose
836 2560 968 2636 accepto,
1033 2597 1040 2605 -

2 2651 123 2715 circiter
142 2668 245 2711 monae
265 2669 327 2710 uno
348 2648 391 2708 ibi
413 2649 565 2708 remansit
609 2649 752 2728 Mitigato
773 2648 882 2710 deinde
902 2649 954 2709 lan

2 2764 103 2826 gnere,
126 2737 254 2806 Beceum
275 2741 374 2812 rediit,
395 2746 479 2801 ratus
500 2740 558 2799 sibi
580 2742 781 2821 opportunius
805 2747 837 2802 et
860 2741 967 2802 hones·
1054 2757 1063 2769 ”

2 2838 66 2901 tius
87 2837 149 2901 lore
171 2835 233 2900 illic
253 2855 344 2919 quam
364 2834 440 2897 alias
461 2832 577 2916 regium
602 2835 770 2915 praestolari
791 2835 966 2899 adventum.

2 2931 76 3007 Ubi,
96 2931 237 2993 omnibus
267 2931 345 2990 mira
372 2928 529 2990 alacritate
558 2929 595 2988 do
618 2929 718 2990 reditu
739 2930 805 3009 ejus
825 2930 968 2991 exaltan·

2 3024 95 3100 tibus,
116 3043 183 3086 coca
204 3020 388 3083 lacrimabile
416 3021 529 3080 malum
558 3021 708 3083 concussit
728 3026 820 3101 atque
841 3023 965 3084 subver·
1033 3065 1038 3078 .

3 3119 44 3181 tit
56 3116 203 3201 gaudium
217 3116 325 3197 ipsum.
367 3113 446 3174 Nam
469 3119 532 3175 tam
553 3114 657 3194 gravis
678 3114 841 3177 infirmitas
854 3116 966 3179 iterum

2 3212 118 3274 invasit
139 3209 315 3297 Anselmum
346 3213 383 3269 ut
412 3207 450 3268 do
471 3227 507 3269 eo
528 3212 638 3287 prater
658 3213 786 3272 mortem
807 3209 886 3272 nihil
913 3231 966 3272 ex·

2 3309 197 3383 portaremus
240 3300 408 3361 confluunt
428 3299 560 3378 episcopi
580 3304 613 3360 et
625 3299 752 3361 abbates
773 3306 861 3364 terrm
875 3303 965 3376 illius,

2 3414 39 3458 ac
58 3394 97 3456 de
116 3394 223 3455 funere
244 3392 310 3472 ejus
328 3391 439 3471 quique
453 3395 649 3472 pertractant
692 3391 754 3454 Sed
774 3394 965 3475 omnipotens

2 3488 87 3552 Deus
121 3506 177 3551 sua
206 3486 321 3568 pietate
356 3486 455 3566 ipsum
490 3490 596 3548 contra
625 3486 760 3549 omnium
791 3488 965 3569 opinionem

2 3577 130 3646 unitati
150 3579 295 3653 restituit,
309 3585 341 3642 et
360 3580 473 3641 multos
493 3598 603 3659 magno
623 3581 734 3643 exindo
754 3581 865 3664 gaudio
886 3583 965 3646 leu-

3 3675 116 3739 fleant.

43 3767 145 3850 Igitur
174 3764 208 3827 in
238 3764 453 3845 Assumptione
485 3764 588 3826 Beata
617 3764 724 3830 liarire
751 3784 806 3828 rex
833 3766 964 3832 Beooum

1 3862 96 3935 vonit
116 3859 326 3938 celebratoque
352 3858 392 3920 ab
419 3859 564 3919 Ansolmo
591 3859 707 3920 solenni
731 3861 832 3923 missas
858 3861 964 3931 officio.

10 3983 36 4005 ιι
83 3970 138 4014 rex
157 3949 275 4014 scilieet
292 3955 326 4010 et
345 3949 409 4028 ipse
429 3955 645 4023 convenenmt,
665 3954 698 4013 et
717 3951 842 4014 tandem
861 3953 965 4015 omnia

1 4066 71 4129 que
100 4043 169 4109 illos
199 4043 233 4110 ia
262 4042 385 4105 divema
414 4046 573 4105 traxerant
592 4062 696 4125 paoem
720 4048 754 4108 et
772 4045 963 4112 concordiam

1201 2607 1226 2728 li.

1207 2863 1224 3024 p
