3136 4890
264 607 265 610 ,
287 525 346 638 lt't
491 556 639 605 ursroms
664 545 821 603 severos
843 553 876 600 m
898 551 1026 602 anuum.

147 736 261 781 ΗΜ·
287 735 409 791 suoru'm
431 735 467 791 ut
488 729 563 790 talia
582 729 697 789 diceret
725 725 910 808 processisse
953 722 1087 786 Sedcbat
1107 740 1179 802 crgo
1200 716 1248 780 uti

262 825 414 899 ·,solebat
434 825 560 886 silenter
579 823 760 886 auscultans.

133 927 253 975 m«
331 920 416 980 Inter
430 919 538 979 ultima
551 938 624 978 vcro
644 916 802 995 synodi3
789 923 854 994 J'am
877 909 979 976 recisis
1000 932 1069 993 qum
1084 877 1252 977 recidenda,

132 978 272 1114 m
289 1013 321 1072 ct
340 1010 466 1072 statutis
494 1030 562 1092 qum
592 1010 658 1071 visa
689 1009 811 1070 fuerant
839 1005 1071 1080 constituenda;
1092 1004 1124 1063 in
1144 1003 1260 1065 adver·

133 1116 278 1163 um
288 1104 382 1167 sorios
413 1112 525 1168 sanctio
556 1104 688 1167 ccclesias
720 1101 1042 1166 excommunicationis
1069 1098 1252 1159 sententiam
1326 1157 1328 1160 ,

288 1218 357 1261 cum
379 1203 452 1260 toto
464 1180 591 1260 concilio
611 1218 692 1278 papa
712 1197 844 1271 intorsit
886 1195 956 1270 Qua
978 1192 1132 1255 sententia
1151 1209 1255 1253 omnes

289 1312 408 1374 queque
428 1292 521 1354 laicos
541 1293 741 1354 investituras
762 1291 953 1354 ecclesiarum
975 1289 1092 1363 (lantes,
1106 1293 1139 1349 ct
1151 1306 1255 1349 omnes

148 1416 152 1423 ·
226 1436 231 1445 .
291 1387 408 1449 easdem
442 1388 639 1449 investiturus
669 1389 706 1447 do
736 1388 877 1448 itionibus
912 1386 1032 1445 iliorum
1063 1382 1255 1460 accipientes,

292 1501 385 1541 necno
414 1501 517 1556 omnes
549 1481 580 1541 in
610 1475 739 1541 otticium
770 1480 813 1541 sic
842 1479 905 1538 doti
928 1477 1052 1538 honoris
1079 1472 1254 1553 bujusruodi

292 1580 509 1654 consecrantes,
540 1574 605 1654 puri
641 1573 730 1633 modo
766 1571 905 1632 involvit.
962 1571 1021 1631 Eos
1055 1567 1266 1630 nihilominus,
1333 1563 1337 1571 ’

293 1667 350 1726 sub
384 1667 478 1746 ipsius
512 1667 717 1728 anathematis
753 1665 876 1726 vinculo
913 1662 1078 1743 colligavit,
1112 1661 1165 1740 qui
1200 1680 1255 1740 pro

108 1789 115 1798 ·
212 1762 214 1766 ’
293 1757 518 1821 ecciesiasticis¹
554 1759 719 1820 honoribus
747 1758 891 1818 laicorum
926 1756 1083 1816 bominmn
1118 1753 1256 1814 homines

295 1852 381 1922 finnt,
410 1844 520 1915 diecns'
543 1852 635 1912 nimis
665 1851 833 1913 execrabiie
865 1850 971 1921 videri,
993 1869 1101 1908 manus
1132 1868 1200 1927 quse
1223 1848 1255 1906 in

295 1949 411 2002 tentans
443 1943 639 2003 eminentiam
671 1948 879 2011 excreverunt,
901 1947 943 2011 ut,
965 1940 1045 2019 quod
1067 1939 1144 1999 nulli
1164 1959 1256 2018 ange·

295 2034 390 2096 lorum
409 2054 581 2110 concessum
603 2041 658 2106 est,
673 2034 772 2095 Deum
793 2039 903 2096 cuncta
923 2039 1074 2095 creantem
1097 2053 1152 2094 suo
1166 2032 1255 2092 mini·

295 2121 394 2190 sterio
415 2136 517 2191 creent
548 2136 581 2189 et
611 2129 740 2189 eundem
773 2129 871 2208 ipsum
903 2149 957 2208 pro
988 2128 1194 2208 redemptione
1224 2133 1257 2187 ct

296 2223 392 2283 saluto
414 2223 510 2282 totius
531 2222 636 2281 mundi
658 2221 768 2280 srunrui
790 2221 847 2282 Dei
870 2221 969 2282 Patris
997 2222 1156 2283 obtutibus
1184 2223 1257 2283 ott'e·

296 2321 373 2387 mut,
394 2315 425 2375 in
447 2310 525 2376 banc
546 2315 743 2396 ignominium
764 2315 886 2377 detmdi
916 2321 952 2377 ut
971 2316 1090 2378 ancille
1111 2316 1188 2377 fiant
1207 2335 1257 2376 ea·

296 2429 362 2470 rum
394 2429 538 2470 manuum
571 2430 640 2488 qum
669 2410 719 2469 dio
749 2429 785 2472 ae
819 2418 908 2472 nocto
942 2411 1079 2472 obscenis
1109 2410 1258 2490 contagiis
1341 2479 1348 2490 .

295 2502 504 2581 inquinantur,
536 2501 652 2581 rapinis
682 2522 717 2563 eo
747 2502 870 2581 injustus
905 2504 1087 2584 sanguinum
1116 2501 1258 2563 effusioni

295 2595 424 2657 addicto
453 2594 722 2656 commaculantur.
765 2595 823 2655 His
854 2604 1018 2676 prusscntes
1049 2597 1172 2667 fuimus,
1193 2595 1260 2658 hmo

216 2738 220 2747 .
295 2690 513 2770 conspeximus,
535 2688 582 2748 his
611 2690 651 2749 ab
682 2691 840 2761 universis,
861 2691 968 2762 “r'iot,
991 2691 1070 2761 tiat‚''
1099 2691 1259 2751 acclamari
1318 2687 1322 2697 '

295 2781 477 2851 audivimus,
499 2782 584 2841 etin
606 2781 653 2841 bis
675 2787 916 2847 consummatum
938 2783 1097 2844 concilium
1119 2783 1238 2845 scimus.

142 2894 247 2941 senius
339 2875 461 2937 Postero
492 2874 549 2945 die,
570 2881 695 2956 accepta
724 2876 826 2949 licent
804 2883 854 2947 tm,
877 2877 974 2937 Roma
1000 2877 1041 2936 dr
1032 2876 1194 2956 nednnur
1215 2875 1262 2936 nil

143 2946 275 3030 m
292 2969 402 3048 judicii
447 2968 493 3028 vel
536 2969 748 3029 subicntionis
781 2976 981 3048 prseterquam
1015 2969 1096 3047 quod
1126 2969 1260 3027 diximus
1297 2978 1301 2985 “

143 3034 269 3129 inm*
298 3081 351 3143 por
378 3063 547 3122 Romnum
576 3062 771 3141 pontificem²
793 3063 883 3124 nacti.
926 3062 984 3122 Vin
1014 3082 1084 3124 vcro
1113 3062 1259 3124 redeundi

299 3160 373 3217 tunc
393 3155 536 3236 temporis
557 3155 663 3215 multis
683 3161 749 3216 crat
770 3156 910 3236 periculis
930 3157 1079 3231 obnoxio5
1105 3157 1166 3226 sed,
1191 3177 1260 3237 pro·

300 3256 421 3329 tegente
456 3268 525 3324 nos,
546 3249 686 3319 Domino,
721 3249 853 3328 pericula
887 3259 997 3311 cuncto
1031 3250 1190 3321 evasimus,
1224 3269 1365 3318 sonans

300 3341 481 3421 Lugdunum
503 3341 588 3421 ilbosi
604 3341 802 3421 pervenimus.
846 3344 907 3405 Ubi
928 3363 1047 3404 sunmm
1066 3341 1155 3406 cun1³
1170 3364 1259 3406 vene·

301 3434 416 3494 rationo
450 3434 619 3514 gaudioque
655 3437 797 3515 suscepti,
830 3443 862 3497 et
895 3457 914 3498 a
948 3438 1090 3517 pontifice
1125 3439 1260 3499 civitatis

301 3526 426 3595 detenti,
450 3528 635 3588 mansionem
667 3534 801 3589 nostram
832 3528 895 3590 illic
924 3531 1119 3602 firmavimus,
1150 3532 1261 3592 amissa

301 3619 383 3680 omni
406 3619 516 3680 fiducia
536 3619 678 3681 ulterius
693 3628 827 3702 tompore
849 3620 998 3684 Willelmi'
1018 3613 1097 3706 regis
1116 3624 1260 3706 Angliom
1324 3693 1327 3697 ‚

302 3712 462 3772 remeandi.
504 3713 638 3774 Habitus
665 3725 713 3776 est
739 3735 810 3796 ergo
838 3715 881 3776 ibi
902 3717 1065 3778 Anselmus
1093 3737 1154 3779 non
1181 3718 1261 3780 siout

302 3804 411 3884 hospes
430 3808 486 3865 aut
506 3807 688 3888 peregrinus,
709 3808 761 3869 sed
783 3809 862 3870 sicut
882 3810 1027 3892 indigena
1050 3817 1082 3873 ot
1106 3832 1176 3873 vore
1203 3811 1261 3874 loci

258 4051 260 4054 Α
335 4063 526 4127 'minutatim
540 4067 592 4116 ΜΒ.
840 4073 1015 4136 'uma-J
1028 4087 1191 4133 consonus,
1201 4074 1232 4124 A·

338 4134 687 4201 ’estote-lumento·
950 4161 952 4163 ¹
