3150 4994
239 499 298 561 334
483 515 525 560 us
546 512 620 560 vrrs
642 513 680 561 rr
700 509 962 560 cuuvrnmnoun

238 686 447 766 recognoverit
471 706 502 747 se
523 685 684 765 quicquam
715 682 785 744 inde
805 681 938 746 sciuisse.
978 679 1112 760 Reparat
1131 677 1195 739 An·

238 780 350 839 selenus
382 778 468 839 aliud
502 780 540 839 dc
575 778 679 838 eadem
712 777 840 837 materia
873 777 1025 837 dictamen
1060 773 1093 834 in
1126 770 1195 832 aliis
1313 797 1326 819 ·

237 872 360 944 tabulis,
380 879 413 935 et
442 873 509 934 illas
538 873 634 935 cidem
664 872 722 932 sub
749 870 878 934 cautiori
899 867 1038 932 custodia
1065 864 1196 928 tradidit

235 967 362 1028 casuali.
418 967 473 1029 Ille
510 968 541 1026 in
573 967 727 1028 secretiori
763 973 850 1046 parte
881 965 985 1027 lectuli
1025 961 1073 1024 sui
1104 960 1194 1022 tabu·

236 1059 281 1120 las
311 1061 441 1141 reponit,
472 1069 505 1122 ct
535 1061 672 1140 sequenti
704 1060 762 1130 die,
793 1060 835 1120 nil
865 1058 981 1120 sinistri
1015 1055 1194 1136 auspicatus,

237 1153 355 1215 easdem
392 1154 423 1215 in
453 1154 630 1233 perimente
660 1174 778 1234 sparsas
807 1161 880 1214 anto
909 1151 1021 1215 lectum
1053 1149 1194 1231 repperit,

235 1266 304 1308 cera
331 1267 401 1326 qum
430 1247 461 1308 in
492 1247 567 1326 ipsis
595 1253 661 1308 orat
690 1245 747 1308 luae
778 1246 847 1308 illac
869 1245 1023 1307 frustatim
1050 1243 1193 1324 dispersa

236 1339 392 1399 necantur
421 1339 541 1410 tabule,
563 1360 631 1401 cera
661 1339 827 1421 colligitur,
848 1347 880 1401 et
908 1339 1022 1421 paritor
1048 1337 1194 1398 Arraelma

235 1439 437 1514 reportentur.
479 1435 607 1495 Adunat
639 1435 702 1515 ipse
733 1431 1329 1513 ceram,ec,1icetvix‚serip·aasss

235 1529 336 1589 turam
358 1534 522 1608 recuperet
566 1527 680 1590 Versus
710 1535 813 1591 auteur
846 1549 945 1610 nequa
972 1528 1090 1591 incuria
1109 1526 1193 1610 peni·

236 1628 286 1684 tus
308 1623 460 1703 perditum
492 1631 550 1694 eat,
574 1643 641 1684 seam
663 1625 695 1685 in
717 1625 839 1687 nomine
860 1624 984 1686 Domini
1006 1641 1194 1705 pergamenis

232 1717 322 1797 jubet
343 1717 431 1778 tradi.
472 1717 653 1799 Composuit
673 1740 745 1800 ergo
767 1719 837 1780 iude
858 1719 1002 1780 volumen
1023 1718 1194 1800 parvulum,

235 1812 287 1874 sed
308 1813 527 1874 sententiarum
550 1834 585 1875 ae
605 1814 813 1876 subtilissimis
833 1813 1099 1895 contemplationis
1119 1832 1193 1895 pon·

235 1909 305 1969 dere
326 1928 479 1988 maguum,
493 1908 573 1986 quod
590 1907 764 1987 Proslogiou
786 1907 975 1969 nominauit.¹
1018 1906 1195 1988 Alloquitur

234 2001 347 2064 etenim
380 2002 412 2063 in
441 2022 477 2063 eo
505 2021 594 2081 opere
625 2009 682 2062 aut
711 2003 844 2083 seipsum
874 2006 930 2064 aut
953 2001 1061 2086 Deum.
1104 2000 1193 2079 Quod

234 2116 310 2176 opus
330 2115 399 2158 cum
423 2096 454 2156 in
476 2114 584 2155 manus
604 2096 761 2174 cujusdam
783 2096 930 2167 venisset,
949 2101 981 2157 ct
1010 2096 1035 2156 is
1060 2096 1092 2157 iu
1119 2115 1194 2175 qua·

233 2189 302 2249 dam
334 2188 429 2269 ipsius
457 2190 556 2269 operis
585 2190 851 2270 argumentatione
881 2207 942 2250 non
971 2208 1079 2271 parurn
1099 2189 1194 2251 offen·

233 2285 335 2354 disset,
357 2288 442 2344 ratus
462 2290 508 2344 est
530 2283 656 2344 eandem
687 2284 984 2364 argumentationem
1013 2289 1112 2344 ratam
1132 2301 1195 2345 non

233 2399 305 2440 esse.
348 2377 446 2454 Quam
478 2376 613 2438 refellere
641 2377 775 2453 gestiens
803 2377 956 2458 quoddam
984 2384 1091 2441 eontra
1111 2375 1194 2439 illam

234 2474 379 2552 scriptum
401 2471 581 2551 composuit,
602 2477 635 2530 ct
656 2471 731 2530 illud
754 2472 807 2530 lini
830 2472 965 2550 ejusdem
987 2472 1086 2553 operis
1102 2470 1196 2553 scrip·

236 2573 299 2627 tum
321 2565 484 2647 apposuit*
527 2565 615 2639 Quod
629 2585 698 2626 cum
720 2565 778 2653 sibi
800 2565 839 2626 ab
860 2587 922 2628 uuo
941 2567 1106 2629 amicorum
1126 2587 1195 2629 suo·

234 2660 328 2722 reiru³
362 2661 571 2720 transmissum
607 2659 772 2719 dussimus
810 2662 1036 2723 considcmsset.
1071 2663 1196 2742 gavisus

233 2763 288 2826 est,
309 2761 341 2815 et
363 2754 578 2834 reprehensori
611 2773 666 2812 suo
698 2755 812 2833 gratias
835 2775 937 2835 agens,
957 2775 1043 2816 suam
1071 2756 1111 2816 ael
1138 2755 1196 2818 hoo

234 2849 457 2929 responsionem
488 2847 594 2918 edidit,
615 2867 743 2926 eamque
773 2847 875 2909 libello
902 2849 960 2909 sibi
982 2849 1098 2911 directo
1124 2849 1197 2910 sub·

234 2944 389 3023 scriptam,
411 2941 468 3002 sul»
497 2960 559 3000 uno
590 2941 617 3000 ei
648 2941 700 3019 qui
730 2941 854 3003 miserat
873 2943 973 3004 amico
994 2943 1118 3014 remisit,
1139 2942 1196 3005 hoe

234 3038 274 3099 ab
295 3054 330 3097 eo
349 3043 381 3096 et
401 3035 441 3096 ab
461 3033 530 3096 aliis
551 3034 603 3115 qui
626 3033 762 3095 libellum
786 3034 873 3097 illum
895 3035 1006 3098 lubere
1027 3037 1197 3119 dignantur

235 3132 364 3212 petitum
395 3130 432 3190 iri
463 3129 645 3202 desiderans,
675 3131 822 3211 quatinus
853 3132 886 3192 in
916 3131 976 3193 lina
1009 3131 1104 3213 ipsius
1132 3152 1196 3193 suae
1315 3150 1319 3157 ·

234 3224 508 3307 argumentationis
550 3223 754 3304 reprehensio
795 3231 827 3287 et
862 3224 1099 3307 repraeheasioni
1140 3245 1198 3287 sua

235 3319 407 3399 responsio·
427 3317 646 3378 subscribatur.
1177 3373 1184 3387 ,

277 3433 327 3473 xx.
349 3411 433 3473 Inter
454 3410 518 3473 luec
541 3411 665 3492 scripsit
695 3411 789 3473 etiam
819 3412 1015 3495 quamplures
1041 3414 1195 3496 epistolas,

235 3527 287 3587 per
307 3525 357 3566 eas
378 3504 532 3565 nonnullis
552 3524 589 3566 ea
613 3525 681 3585 quae
701 3507 868 3567 secundum
893 3507 1105 3571 diversitatem
1124 3527 1195 3572 oau-
1250 3522 1279 3558 '=

234 3619 335 3659 aarum
356 3618 412 3659 sua
432 3599 602 3660 intererant
626 3618 787 3679 procurare
809 3600 966 3673 mandans,
985 3610 1020 3664 et
1039 3601 1196 3665 nonnullis

233 3692 393 3754 consilium
427 3691 465 3752 de
499 3692 622 3772 negotio
656 3712 712 3755 auo
746 3693 954 3775 quaerentibus
988 3713 1044 3777 pm
1076 3697 1195 3760 ntione

768 3887 1031 3969 'denudem
1055 3890 1198 3955 mla

268 4018 311 4062 ru
342 4015 401 4062 ³¹¹1
419 4018 467 4076 μ’
491 4015 589 4076 ‘1⁸⁸⁶‘-
618 4017 694 4078 wi·
738 3957 1195 4096 qffffassnm]

237 4088 656 4152 oemflnappniqllotlaffll.
738 4099 863 4150 nug

269 3920 276 3953 ¹
287 3919 425 3982 ηιίιαυϋ]
438 3920 576 3977 mirmur,
587 3921 606 3967 l.
