3136 4890
14 551 22 562 ·
97 544 149 596 ῃ
234 517 294 577 240
420 527 595 585 ¹nisnosm
617 524 773 573 uovonuu
795 524 830 572 su
850 522 977 572 ausula

68 708 206 756 ‘mnu
232 713 364 756 mensem
397 694 474 756 lecto
494 691 648 764 decubuit,
668 689 755 752 nobis
776 689 829 770 qssi
850 709 919 752 cum
941 709 977 752 so
997 707 1117 751 cramus
1137 684 1201 762 uin¹

232 789 327 849 vitam
361 787 404 848 illi
434 785 656 867 pollicentibus.
700 784 877 845 llelioratus
898 783 1022 845 tandem
1043 782 1084 843 ab
1108 780 1192 841 inlis-

231 882 346 953 mitate,
366 884 456 961 prout
477 880 541 961 pati
562 879 672 960 potuit,
694 877 842 959 paulatim
864 877 991 939 Rerum
1020 874 1112 938 cundi
1136 875 1194 935 iter

231 973 360 1056 repetiit
402 973 473 1035 lbat
503 979 607 1036 autem
628 992 697 1035 cum
727 976 890 1054 magnust
919 968 1017 1033 divite
1038 971 1194 1039 comitatu,

232 1074 264 1130 ct
292 1067 478 1129 admirabilis
498 1066 615 1130 cunctis
636 1066 760 1127 habitus
789 1065 947 1147 magnifice
974 1062 1195 1145 suscipiebatur

232 1162 272 1224 ub
292 1162 432 1224 omnibus
451 1163 490 1224 ad
512 1181 586 1242 quos
607 1160 756 1223 veniebat
1261 1237 1262 1240 Ἴ

79 1259 221 1309 sem
274 1255 457 1335 Lugdunum
488 1275 559 1316 vere
589 1275 658 1317 cum
690 1254 884 1324 venissemus,
911 1254 964 1315 ubi
993 1252 1134 1314 dominus
1162 1254 1195 1310 et

79 1312 212 1397 m
233 1348 367 1428 inclytus
399 1355 485 1428 pater
507 1348 667 1409 Anselmus
696 1347 769 1409 olim
790 1348 831 1408 ab
852 1347 968 1428 Anglia
988 1366 1043 1428 pro
1070 1343 1196 1426 justitia

233 1443 345 1524 pulsus,
360 1462 420 1505 nou
441 1443 521 1506 sicut
540 1443 611 1504 exul
632 1450 687 1505 aut
708 1442 897 1524 pereguinus,
910 1442 963 1504 sed
977 1440 1075 1506 sicut¹
1096 1439 1195 1502 incola

235 1543 267 1597 et
298 1556 368 1598 vere
400 1537 494 1616 ipsius
524 1536 580 1599 leci
612 1536 722 1616 puesul
755 1542 787 1596 ct
817 1535 958 1596 dominus
986 1535 1026 1596 ab
1054 1533 1196 1595 omnibus
1229 1562 1232 1567 v
1270 1543 1275 1554 “

235 1628 357 1689 habitus
386 1629 492 1700 suerat,
524 1627 715 1707 Lugdunum,
748 1627 879 1706 iuquam,
911 1646 978 1688 cum
1009 1625 1195 1686 venissemus

233 1727 266 1781 et
285 1735 353 1784 cum
374 1720 486 1782 honore
507 1726 539 1781 et
569 1739 669 1781 umore
691 1719 844 1801 pnmcipuo
871 1719 1003 1801 suscepti
1024 1719 1194 1789 fuissemus,
1216 1784 1228 1798 ‚

233 1816 398 1883 mansimus
427 1815 469 1875 ibi
490 1814 675 1894 aliquandiu,
696 1811 785 1876 cum¹
804 1813 921 1875 sincera
951 1812 1085 1873 omnium
1118 1811 1194 1872 inibi

233 1909 475 1971 conversantium
516 1907 676 1969 dilectione
717 1905 818 1977 illecti,
848 1912 914 1966 tum
951 1905 1047 1966 nimia
1085 1904 1195 1966 hiemis

236 2003 399 2083 asperitate
420 2001 584 2072 constricti,
606 2007 671 2061 tum
704 1999 832 2061 instanti
863 1999 1047 2061 Natiuitatis
1080 1998 1195 2061 Christi

138 2146 142 2153 .
235 2095 418 2157 solennitate
463 2094 605 2156 devincti.
664 2093 721 2153 liis
765 2093 881 2165 diebus,
916 2113 971 2175 pru
1005 2100 1079 2156 nota
1120 2093 1330 2163 mihinam

236 2190 367 2251 locorum
400 2193 431 2250 et
452 2187 608 2250 hominum
639 2187 856 2260 familiaritate,
876 2187 916 2250 ad
938 2187 1084 2251 Sanctum
1106 2189 1195 2251 Hire·
1289 2256 1292 2262 ,

235 2302 325 2343 neum
354 2281 484 2363 qualum
514 2281 579 2344 viee
620 2280 791 2353 ascendens,
822 2281 935 2343 diverti
963 2282 1002 2344 ad
1031 2283 1196 2346 oratorium
1275 2352 1278 2359 ,

237 2376 338 2439 Bcatso
360 2376 463 2437 Marias
495 2375 690 2456 Magdalenae,
721 2375 840 2437 duabus
871 2375 989 2438 ancillis
1020 2375 1078 2439 Dei
1105 2377 1199 2458 juxta

236 2470 315 2534 idem
350 2470 514 2532 oratorium
550 2490 604 2550 pm
639 2470 704 2530 Deo
738 2468 860 2531 reclusis
902 2470 1065 2532 locuturus
1130 2472 1197 2542 Hm,

236 2565 316 2644 putri
338 2564 481 2626 Ansclmo
512 2582 641 2644 prosus
673 2563 817 2644 religione
839 2563 991 2644 quondam
1023 2569 1111 2637 noim,
1133 2565 1197 2645 ejus

238 2658 357 2719 luerunt
399 2657 601 2721 sacrutissinna
641 2658 834 2719 institutione
864 2657 897 2718 in
936 2659 1041 2720 multis
1076 2659 1198 2731 edem,

239 2751 324 2812 Inter
352 2750 415 2819 has,
438 2750 585 2812 instinctu
616 2749 750 2830 maligni,
771 2750 950 2831 gravissima
977 2752 1115 2831 qumdam
1138 2751 1198 2812 dis-

236 2842 338 2903 cordia
367 2848 435 2923 post
474 2843 636 2904 discessum
667 2841 781 2902 domini
814 2841 950 2902 Anselmi
979 2848 1048 2905 orta
1075 2851 1129 2916 est,
1160 2864 1198 2906 cx

238 2937 370 3008 invidioe,
391 2942 426 2998 ut
459 2937 503 3008 fit,
525 2937 605 2998 malo
636 2937 791 3016 producta
834 2936 916 2997 Dum
945 2937 1040 3018 igitur
1069 2939 1148 3000 inter
1167 2960 1199 3002 so

239 3030 316 3101 lites,
347 3031 536 3111 improperio,
565 3037 597 3091 et
637 3029 767 3109 plurima
798 3049 864 3109 qua
903 3050 1007 3091 eurum
1047 3033 1201 3113 proposito

239 3123 409 3186 indecentia
449 3128 536 3184 erunt
574 3123 701 3204 siugulis
739 3142 814 3204 pene
855 3122 961 3184 diebus
998 3131 1200 3200 versarentur,

240 3216 402 3277 secundum
424 3216 504 3297 quod
526 3216 565 3276 nb
579 3215 622 3277 eis
644 3215 716 3295 ipsis
736 3215 846 3296 accepi,
861 3235 923 3278 una
943 3218 1079 3281 noctium
1100 3220 1201 3282 astitit

241 3310 293 3369 uni
316 3300 444 3379 illarum,
466 3328 556 3390 quam
578 3308 674 3387 major
701 3309 795 3388 ipsius
816 3308 935 3370 discidii
956 3309 1046 3392 culpa
1065 3313 1201 3382 notabat,

241 3407 327 3480 pater
359 3402 528 3479 Anselmus,
549 3400 625 3461 dura
654 3399 737 3462 illam
768 3401 939 3464 invectione
968 3403 1139 3485 corripiens,
1169 3411 1203 3467 et

213 3549 216 3556 .
242 3493 331 3572 quod,
352 3494 431 3556 male
455 3493 494 3554 ab
514 3491 581 3553 eis⁸
599 3492 759 3555 obscwata
778 3494 917 3556 doctriua
937 3515 999 3569 sua,
1020 3496 1058 3559 de
1079 3499 1202 3561 remotis
1217 3492 1236 3553 ff

242 3585 352 3647 mundi
374 3586 513 3666 partibus
527 3605 558 3646 se
579 3584 619 3646 od
639 3603 691 3648 cas
712 3605 807 3667 usque
821 3585 997 3669 satigsvcsit
1010 3575 1205 3672 conquerens

173 3719 175 3722 >
240 3678 343 3740 lussit
365 3686 468 3740 tamen
497 3682 534 3738 ut
553 3678 662 3759 coeptis
692 3679 881 3752 desisterent,
902 3687 935 3742 et
962 3681 988 3743 si
1019 3702 1115 3757 suam,
1134 3704 1203 3765 qum
1318 3743 1321 3747 .

241 3772 299 3836 Dei
330 3779 404 3846 arat,
425 3791 527 3853 pacem
556 3772 679 3852 perdens
699 3773 823 3846 nollent,
843 3773 901 3836 sub
928 3777 1011 3838 omni
1039 3777 1203 3852 celeritate,
1300 3792 1305 3800 '

243 3864 364 3926 emissis
377 3862 558 3945 ambagibus
578 3863 704 3938 cunctis,
718 3865 751 3926 in
772 3885 875 3948 pacem
889 3867 1032 3931 sedicunt
1074 3869 1201 3935 Factum

270 4033 499 4098 manneus.
776 4036 1161 4103 matusalem-ua
1293 4018 1310 4048 ⁵

269 4107 465 4172 ’cantuum
1255 4126 1257 4131 ¹
