3136 4890
1355 127 1366 567 i
1475 348 1482 388 ,

145 521 186 583 ιι
363 531 508 579 nrsrorus
531 529 688 578 uovosuu
710 531 745 577 ur
767 529 890 576 sunus
1431 412 1477 592 ii

8 711 116 759 M!-
143 711 161 742 ‘¹
181 703 317 767 robis
288 724 383 769 urcem
404 702 574 785 rependero.
615 700 728 789 Verum
749 699 915 764 irstomsm
936 706 1107 783 paternum·

131 807 159 835 ·’
180 821 239 879 que
252 800 338 860 vobis
357 798 514 859 ceritatem
535 796 682 857 exhibens
702 798 792 866 niter,
806 795 832 854 si
854 796 919 874 psti
941 814 1003 855 uon
1020 796 1104 854 rosu-

116 897 158 936 ·“
178 891 259 972 gitis,
273 910 327 953 vos
347 895 384 952 nt
403 890 511 952 iratres
531 909 567 951 se
587 888 664 950 filies
695 895 809 950 ssuctm
839 887 946 950 matris
975 887 1106 950 ecclesian

140 992 156 1022 '¹
178 984 403 1051 Ooutusriensis
423 985 463 1048 sb
483 983 570 1048 hoc'
562 1005 594 1046 m
609 1003 669 1066 quo
683 983 759 1066 lapsi
773 982 847 1046 ostis
870 982 988 1064 trepide
1008 1002 1107 1045 cnoro

139 1089 156 1116 ‘¹
176 1087 357 1153 convortere,
377 1085 410 1141 ct
430 1100 483 1160 per
503 1083 684 1159 potestatem
706 1076 782 1136 mihi
810 1096 830 1138 s
850 1078 981 1137 Domino
1002 1078 1105 1137 dutum

137 1181 156 1208 '⁸
177 1174 217 1236 sd
231 1174 312 1235 vism
332 1173 524 1236 rectitudinis
546 1191 693 1234 revocare.
730 1171 807 1254 Regi
827 1175 931 1232 nutem
953 1170 1007 1251 qui
1028 1169 1105 1231 mihi

136 1278 155 1305 ‘⁸
175 1290 295 1331 omnem
315 1270 347 1330 in
368 1289 460 1350 regno
480 1289 535 1330 suo
556 1267 750 1329 securitatem
781 1266 899 1338 sdirnit,
920 1285 1028 1346 meque
1050 1284 1106 1346 pro

137 1370 154 1399 '⁶
174 1364 396 1447 archiepiscopo
416 1364 465 1424 vel
496 1370 584 1444 pstro
613 1362 764 1442 spirituali
796 1361 905 1424 hebere
936 1381 968 1422 so
997 1361 1105 1423 nmodo
1223 1436 1226 1443 Ι

136 1467 154 1493 “
174 1458 254 1520 nolio
283 1458 366 1530 dicit,
388 1477 507 1517 omnem
536 1476 605 1518 cnm
637 1454 718 1516 fideli
748 1455 874 1517 servitio
903 1455 1105 1526 securitatem,
1174 1511 1178 1519 .

136 1561 152 1588 ⁴¹
174 1558 322 1633 qusntum
343 1572 412 1614 mes
432 1552 565 1622 interest,
586 1550 727 1631 spondeo,
747 1557 780 1612 et
800 1555 927 1631 patemo
956 1571 1037 1611 moro
1058 1549 1104 1610 di·

138 1653 153 1679 ‘¹
174 1645 317 1724 ligentom
355 1644 465 1704 snimre
499 1643 581 1702 iilius
614 1662 728 1715 curum,
757 1643 783 1702 si
813 1644 889 1703 ferro
918 1642 1104 1721 ‹ligurnbituq

137 1746 154 1774 ‘¹
174 1737 310 1814 hemum
329 1740 449 1800 retente
462 1757 579 1817 semper
592 1735 674 1818 opud
697 1757 744 1797 mc
767 1735 798 1796 in
822 1735 880 1798 Dei
902 1736 1028 1797 servitio
1049 1756 1102 1818 po·

136 1839 154 1868 ‘⁸
174 1839 294 1904 testate,
314 1832 436 1893 nomino
456 1837 488 1892 ct
507 1830 604 1892 officio
635 1831 831 1910 pontificatus
863 1830 1093 1891 cantuariensis

8 1932 153 2018 gr·
174 1926 375 2005 qualicunque
405 1923 595 2003 oppressione
611 1922 715 1982 vexnri
738 1922 896 2001 continget
924 1943 972 1984 res
992 1926 1102 1984 exteri·

8 2021 154 2109 ’'¹⁸2‘'
174 2017 264 2079 orcs”
298 2017 347 2078 Ad
368 2015 433 2078 inec
454 2015 504 2076 iile
535 2015 735 2096 respondit,
737 2015 893 2076 ‘Omnino
923 2017 1104 2079 miserentur

52 2166 80 2202 ω
138 2113 275 2176 “animo
296 2132 362 2174 meo
385 2111 465 2192 quod
487 2109 568 2182 dicit
589 2131 644 2172 uec
665 2130 750 2171 mous
770 2112 830 2171 erit
850 2110 986 2218 quisquis
1007 2112 1102 2192 ipsius

137 2216 237 2268 “esso
251 2205 402 2286 delegerit
438 2204 631 2284 Quapropter
643 2223 697 2262 vos
712 2204 764 2282 qui
779 2204 863 2283 regni
878 2205 937 2264 moi
952 2205 1102 2285 principes

93 2329 96 2333 ·
135 2310 153 2336 “
173 2301 252 2374 estis,
266 2319 385 2361 ornnem
400 2297 489 2359 ficiem
503 2305 535 2360 ct
548 2297 713 2359 amicitiam
728 2298 808 2360 sicut
821 2298 951 2379 episcopi
966 2302 1103 2363 fecerunt

134 2404 151 2431 “
170 2396 198 2458 ei
219 2392 329 2458 citius¹
355 2390 522 2474 denegate,²
540 2393 685 2473 quatinus
705 2400 851 2473 nppsreot
871 2394 944 2475 quid
966 2393 1101 2458 lucretur

135 2498 150 2523 ⁸
172 2490 204 2550 in
223 2507 260 2550 es
274 2488 332 2549 fide
352 2506 452 2567 quem,
468 2487 582 2546 offense
596 2485 753 2547 voluntate
774 2504 850 2557 men,
863 2494 966 2548 serunt
979 2493 1100 2568 sposto-

135 2583 200 2647 licrs
219 2581 307 2645 oedi.''
349 2581 510 2653 Dixerrmt
531 2579 621 2640 “Nos
642 2600 797 2661 nunquam
830 2580 942 2642 suimus
962 2580 1100 2646 homines

136 2685 153 2713 “
173 2679 238 2758 ejus
266 2697 321 2738 nee
341 2676 519 2739 fidelitatem
541 2697 632 2755 qusru
654 2676 682 2735 ei
713 2696 774 2736 non
804 2676 931 2738 fecimus
960 2679 1099 2757 abjurare

135 2779 154 2805 “
173 2771 317 2833 sciemus.
362 2770 612 2850 Archiepiscopns
634 2777 736 2829 noster
756 2777 810 2839 cst,
833 2770 1098 2834 Cirristionitutom

136 2876 151 2899 ‘⁴
173 2866 205 2927 iu
225 2865 281 2927 hnc
302 2872 382 2926 terre
395 2864 562 2972 qubcmnru
583 2863 731 2934 hebetet
709 2870 787 2924 ten
808 2884 908 2925 rencs
929 2865 1100 2945 quiOhris·

136 2967 153 2994 ‘⁴
172 2948 248 3021 tinini
265 2979 368 3019 sumus
388 2959 452 3038 ejus
472 2958 677 3037 magisterium
700 2960 771 3016 dum
793 2957 886 3019 hie
857 2960 989 3020 vovimus
1010 2961 1099 3022 decli-

137 3062 155 3088 “
174 3074 246 3115 nsrs
266 3073 328 3114 non
358 3072 524 3133 possuruus,
547 3052 713 3132 prmsertim
745 3070 814 3112 cum
844 3053 958 3113 nullius
978 3055 1100 3120 offenso

139 3157 155 3184 ⁸⁸
176 3147 294 3212 mscuis
312 3146 398 3208 illum
421 3146 569 3228 respiciet,
590 3167 659 3227 quas
679 3166 735 3208 nos
755 3166 840 3207 secus
869 3147 907 3209 de
937 3148 990 3211 ilio
1010 3170 1100 3232 ogere
1112 3171 1186 3224 nso.
1194 3174 1224 3216 rs

8 3258 94 3304 nu
138 3240 357 3323 ‘'''compellnt
399 3240 485 3316 Quod
509 3239 580 3300 illo⁸
600 3259 734 3319 repressa
753 3240 929 3301 sustinuit
920 3263 973 3316 ιη,
988 3245 1099 3306 rationi

8 3304 105 3394 ’ξι-ἰ
138 3355 242 3398 eornm
261 3334 361 3416 poium
382 3353 420 3395 no
441 3333 533 3393 nimis
552 3333 777 3395 offenderentur
806 3336 955 3397 contraire
987 3357 1100 3419 preces·

8 3445 104 3532 “a
139 3450 223 3492 vens.
264 3428 363 3511 Igitur
391 3427 521 3508 episcopi
551 3426 617 3488 hmo
637 3426 776 3489 sidentes
797 3429 971 3493 confusione
992 3432 1098 3495 vultus

8 3489 115 3626 333¹„
136 3524 187 3585 sni
220 3505 318 3603 operti
352 3526 433 3591 sunt,
464 3519 560 3579 intelli
563 3525 669 3600 gentes
703 3521 838 3581 omnium
872 3523 1011 3586 oculos
1003 3545 1036 3586 m
1066 3547 1098 3589 se
1197 3535 1199 3538 ’

8 3580 115 3720 ff·-
135 3615 342 3688 conveniet
369 3613 551 3694 cpootssism
582 3633 668 3676 susm
700 3634 761 3675 non
794 3615 906 3697 injuste
935 3637 955 3679 c
981 3620 1099 3684 eunctis
1194 3692 1196 3697 ,

135 3710 289 3776 deteshn
345 3708 476 3836 Audires
509 3707 599 3780 enirn,
632 3710 659 3771 si
695 3710 823 3784 sdemes,
851 3730 933 3776 nunc
963 3714 1003 3776 sb
1031 3714 1099 3791 isto,

125 3887 126 3890 =
183 3902 221 3941 ’Ἰ
320 3918 559 3986 'tetenderint

317 3991 669 4055 'mensurium
679 3995 891 4057 &buriacum

320 4064 506 4128 ⁸itichpce,.A
