3136 4890
195 531 257 614 '92
429 564 579 612 sinueris
600 563 759 613 reveren
780 563 816 612 ut
838 564 965 614 isuaia

77 731 191 782 ω’*
256 748 395 813 Novimus,
409 748 515 801 domiue
528 745 672 801 reverendo
684 751 713 800 et
726 750 802 815 pater
815 745 960 814 diligendo,
975 743 1038 814 quio
1048 742 1180 799 Dominus

215 838 305 885 nostor
318 833 396 884 Josus
410 831 531 884 Christus
545 829 701 882 sublimavit
714 828 882 882 sanctitatem
895 835 1012 881 vestram
1026 828 1056 880 in
1069 827 1180 881 ccclesia

188 949 190 952 -
215 930 264 965 sna
282 913 316 965 sd
336 912 527 964 consulendum
551 917 580 964 et
603 910 814 964 subveniendum
836 902 889 961 iis¹
917 910 974 978 qui,
999 909 1033 962 ad
1058 926 1180 978 superum

215 995 309 1061 patriis
329 995 447 1060 requiem
467 994 633 1054 anhelantes,
655 993 683 1044 in
698 991 779 1057 hujus
792 991 884 1043 smeuli
898 992 979 1043 exilio
992 990 1105 1043 diversis
1118 990 1180 1042 tati-

215 1082 314 1141 gantur
333 1075 560 1144 tribulationibus.
604 1075 663 1126 flac
677 1074 763 1138 igitur
776 1089 823 1139 spe
839 1079 868 1125 et
887 1071 1110 1134 consideratione,
1130 1088 1183 1138 ege

216 1155 326 1207 humilis
346 1153 438 1208 sertus
452 1162 538 1208 voster
554 1156 581 1207 in
596 1154 728 1221 angustiis
743 1154 830 1206 cerdis
843 1153 897 1206 mci
910 1153 945 1206 ad
959 1153 1048 1205 sinum
1063 1158 1183 1221 pateram

216 1243 244 1290 ct
256 1238 409 1304 apostoliam
422 1239 531 1305 pictatis
543 1244 640 1306 vestras
661 1255 709 1305 per
729 1235 920 1288 exhibitionem
944 1235 1094 1302 presentiae
1115 1251 1183 1288 meai

216 1321 359 1385 confugere
379 1319 514 1387 disposui;
542 1320 589 1372 sed
608 1321 659 1372 boc
678 1319 773 1386 utique
793 1319 879 1371 facere
902 1334 956 1369 nou
982 1334 1089 1384 possum
1113 1317 1185 1369 sicut

193 1399 344 1453 desidero,
386 1402 549 1455 (iurantem
581 1417 635 1452 aen
664 1400 773 1467 possim,
796 1392 844 1468 per
874 1399 1048 1467 prementium
1070 1398 1183 1451 laterem

217 1483 389 1549 cognoscetis.
431 1484 563 1548 Quoniam
584 1499 649 1550 ergo
661 1500 709 1550 per
731 1481 919 1549 memetipsum
938 1479 1109 1550 presentiam
1123 1497 1182 1533 ves·
1267 1485 1270 1489 ⁴

217 1569 285 1616 bam
307 1565 452 1618 seeundum
474 1564 636 1617 desiderium
657 1581 746 1616 aueum
774 1563 847 1616 adiro
874 1579 986 1631 nequeo,
1007 1578 1055 1629 per
1069 1561 1182 1625 litteras,

218 1652 249 1698 ut
269 1663 384 1715 possum,
400 1648 549 1700 clementim
570 1655 665 1700 vestrm
680 1645 817 1712 augustias
831 1662 903 1698 meas
924 1645 1041 1708 insinuo,
1056 1643 1183 1712 quatinus

217 1727 274 1795 ejas
295 1730 473 1782 consolatione
493 1730 593 1783 eusdem
614 1728 747 1797 augustin
775 1728 942 1795 mitigentur,
961 1732 989 1780 et
1011 1725 1102 1779 enimn
1123 1743 1183 1780 mea
1263 1717 1265 1722 ¹

217 1811 392 1863 desideratam
412 1812 633 1878 tranquillitatem
654 1828 702 1879 per
725 1811 850 1862 allectum
874 1817 970 1862 vestro)
991 1810 1182 1876 compassionis
1224 1831 1225 1835 ¹

217 1909 245 1946 se
264 1894 375 1962 adipisci
397 1895 555 1959 gratuletur.
597 1894 684 1946 'l'auta
703 1893 776 1945 cuim
797 1897 838 1945 cst
857 1891 945 1944 cordis
964 1890 1018 1944 moi
1032 1890 1180 1956 tribulatio,

181 1988 189 2013 ⁶
216 1980 247 2026 ut
270 1992 319 2036 uec
341 1976 427 2027 verbio
451 1993 500 2028 nce
523 1975 619 2026 litteris
639 1975 767 2027 sufficiam
788 1974 862 2025 illam
883 1973 1041 2042 exprimere,
1064 1973 1111 2026 sed
1133 1990 1181 2027 oro

161 2077 164 2080 ⁴
216 2056 300 2109 Deum
321 2058 458 2124 quinovit
478 2057 582 2109 occulta
595 2063 627 2108 ut
647 2074 705 2108 eam
724 2072 771 2108 ves
796 2055 947 2120 intelligere
968 2055 1058 2115 societ.
1082 2060 1111 2107 et
1133 2070 1180 2123 per

214 2138 313 2191 viscera
336 2138 524 2191 misericordius
545 2155 600 2191 sirie
613 2138 717 2190 viscora
731 2142 819 2189 vestra
839 2136 873 2189 ad
898 2135 956 2205 ejus
980 2136 1180 2191 miserationem

213 2221 356 2272 secundum
371 2212 553 2273 desiderium²
572 2227 600 2272 ct
620 2220 804 2272 necessitatem
825 2236 913 2271 meam
934 2224 1109 2272 commoveat.
1138 2220 1180 2272 Do

213 2303 261 2354 bae
274 2309 362 2354 tamen
377 2319 435 2355 mco
450 2302 605 2354 necessitato
625 2307 654 2354 ot
673 2318 732 2354 mee
753 2301 883 2353 desiderio
904 2301 994 2367 aliqua
1013 2301 1114 2368 aperie,
1129 2317 1178 2368 por
1190 2309 1258 2364 ut..

211 2399 269 2451 qam
283 2390 397 2435 vestrum
412 2384 581 2451 prudentiam
605 2399 680 2451 posse
701 2383 852 2449 intelligere
873 2382 938 2449 quid
960 2381 1028 2433 mihi
1051 2381 1178 2449 expediat
1203 2383 1207 2391 '

210 2481 263 2516 non
278 2465 379 2517 dubito.
422 2467 523 2517 Netum
545 2471 586 2517 est
605 2465 707 2525 multis,
731 2465 770 2516 mi
791 2469 867 2532 peter
889 2463 941 2530 pie,
962 2480 1017 2531 qua
1038 2463 1176 2528 violentia,

209 2552 237 2598 et
256 2563 336 2614 quam
357 2546 467 2605 invitas.
488 2553 517 2599 et
536 2564 616 2614 quam
637 2546 822 2599 contradicens
843 2552 937 2612 coptus
958 2546 1009 2597 sim
1029 2551 1058 2597 et
1082 2545 1187 2598 daton-1

209 2632 253 2678 tus
273 2629 306 2680 ud
327 2629 509 2695 episcopatum
531 2629 558 2678 in
580 2629 690 2694 Anglia.
705 2633 733 2679 et
747 2627 878 2694 quemodo
891 2627 1057 2679 obtenderim
1077 2643 1176 2693 repug·
1269 2623 1274 2643 ⁸

207 2709 327 2760 nuntiam
358 2710 391 2761 ad
423 2708 574 2773 hujusmodi
596 2710 710 2761 officium
732 2714 846 2770 natura),
868 2709 964 2770 intutis,
981 2707 1175 2761 imbecillitatis

207 2797 235 2841 ct
255 2790 414 2856 ignorantie
437 2807 511 2848 meio.
527 2806 586 2855 quic
600 2789 711 2840 omniuo
732 2805 824 2840 omnes
846 2789 937 2840 smcali
962 2790 1080 2842 actiones
1102 2789 1174 2855 lagi-

207 2876 257 2922 unt
277 2877 305 2924 et
325 2871 551 2923 inconsolabiliter
564 2877 729 2933 execrantur,
751 2876 782 2922 ut
804 2870 959 2922 nullatenus
980 2871 1040 2922 illas
1061 2871 1175 2924 totamm

207 2954 304 3021 possim
325 2970 385 3007 cum
407 2954 492 3006 saluto
513 2954 609 3006 animm
630 2970 706 3006 mom.
748 2953 781 3005 In
806 2967 858 3019 quo
879 2951 1175 3022 archiepiscopatujam
1217 2962 1220 2970 '

208 3051 255 3103 per
274 3042 388 3103 quatuor
408 3053 492 3087 annos
512 3053 623 3088 maneus
643 3037 749 3087 nullum
772 3036 888 3086 fructum
916 3035 976 3095 feei,
998 3036 1044 3087 sod
1074 3037 1103 3087 in
1124 3037 1175 3089 im·

208 3118 307 3169 mensis
326 3125 354 3171 ct
374 3118 565 3170 execrabilibus
590 3116 807 3169 tribulationibus
834 3115 932 3169 animm
952 3133 1019 3169 mem
1041 3117 1176 3171 inutiliter

208 3198 272 3258 vixi.
288 3205 318 3250 ut
332 3200 449 3266 quotidie
464 3199 550 3263 magis
571 3199 748 3251 desiderarem
762 3196 830 3249 mori
847 3203 923 3249 extra
942 3197 1083 3262 Angliam‚
1094 3216 1174 3267 qnam

208 3280 246 3332 ibi
260 3280 356 3334 virere.
397 3282 467 3333 Nam
482 3282 505 3333 si
519 3281 559 3333 ita
573 3282 657 3334 vitam
678 3286 836 3348 praesentem
858 3278 937 3331 sicuti
959 3296 1032 3331 oram
1053 3280 1091 3332 ibi
1113 3280 1174 3333 ilui-

209 3379 275 3423 reru.
290 3364 349 3429 plus
363 3362 484 3416 videbam
506 3362 603 3415 animm
625 3379 691 3415 mose
716 3361 915 3414 damnationem
947 3377 1028 3429 quam
1050 3362 1173 3416 salutem.

208 3443 338 3497 Videbam
365 3445 437 3496 euim
460 3447 546 3496 multa
574 3445 645 3496 mals
665 3444 695 3495 in
716 3443 865 3504 tenuius,
888 3458 949 3510 queo
979 3458 1030 3494 nec
1060 3444 1175 3498 telorum

209 3525 334 3578 debebam
355 3543 403 3578 uec
417 3526 559 3594 episcopali
575 3526 697 3580 libertato
711 3525 844 3592 corrigere
858 3531 987 3593 poteram.
1029 3524 1091 3592 Ipse
1109 3541 1176 3594 que·

209 3623 260 3675 que
280 3623 325 3659 rex
346 3608 458 3660 faciebat
478 3609 600 3676 quiedam
624 3623 684 3675 qum
714 3607 835 3660 iacienda
865 3623 920 3659 neu
951 3605 1111 3659 videbantur
1140 3607 1175 3664 dc

210 3689 327 3742 ecelesiis
347 3705 413 3756 quas
433 3696 493 3756 pest
513 3689 615 3742 ebitum
636 3690 809 3757 prelatorum
830 3688 909 3740 aliter
929 3704 1009 3755 qaam
1040 3693 1175 3754 oporteret

211 3771 349 3824 tractabat.
391 3771 435 3822 Me
448 3772 528 3823 etiam
549 3777 576 3824 et
588 3770 726 3825 ecelesiam
746 3769 964 3826 Osntuariensem
981 3769 1075 3822 multis
1087 3769 1175 3824 modis

194 3853 348 3920 ,gravabat
389 3853 482 3904 'l'errss
502 3867 616 3921 namque
636 3851 720 3921 ipsius
739 3851 858 3907 ecclesia)
878 3868 944 3920 quas
972 3856 1034 3920 post
1060 3841 1174 3906 mortem

245 4089 251 4122 ¹
264 4088 306 4150 iis]
319 4085 364 4140 bis.
374 4083 425 4132 MS.
712 4083 812 4148 dorin]
824 4083 864 4135 On
881 4095 975 4132 mun
989 4081 1036 4131 and
1045 4080 1070 4132 in
1080 4081 1172 4148 wg'm

244 4159 426 4207 unimodum
459 4157 581 4204 secundans
606 4155 668 4203 desi·
713 4155 738 4203 in
748 4157 780 4205 Δ.
