3150 4994
179 486 240 546 ³00
387 492 534 543 aramma
555 495 710 541 aaronita
735 494 768 540 rs
789 493 915 540 saorra,

13 683 150 734 stm-
177 697 302 747 qamrsm,
324 681 380 747 ipse
401 686 468 732 teste
488 678 534 746 qai
555 677 725 730 eonscientiae
749 694 815 729 arem
840 677 912 727 solus
936 681 964 727 et
988 690 1066 727 rerus
1091 674 1134 726 ia·

176 769 281 830 spector
308 768 356 814 est.
407 763 463 814 Nee
493 762 549 813 laaee
580 761 648 820 dieo.
680 759 750 828 qued
782 759 896 810 multem
928 757 1074 810 desiderem
1105 755 1134 808 in

176 861 259 910 regne
279 851 366 897 restro
386 843 539 911 episcopari.
561 844 606 894 eed
628 848 715 894 tamea
742 842 848 893 mellem
872 840 1032 906 dignitatem
1055 845 1134 891 teme

176 933 270 978 restrae
299 926 390 992 augeri
418 943 497 994 quem
528 925 661 976 minorari.
711 925 833 976 l‘reteree
862 922 968 974 noverit
997 921 1134 974 beatitudo
1238 953 1241 957 ‹

176 1017 263 1061 restre
291 1010 353 1077 quie
380 1026 471 1060 omnes
497 1008 543 1076 qai
569 1007 683 1059 eudiaat
709 1008 825 1074 qualiter
851 1006 959 1068 electas,
984 1011 1131 1072 susceptas,

175 1097 203 1143 et
224 1092 376 1158 matilieste
398 1091 512 1149 minitas,
534 1096 562 1141 et
591 1090 647 1140 laee
669 1089 801 1154 malificia
822 1088 983 1138 substitutus
1007 1088 1056 1148 lui,
1078 1102 1133 1138 aas

175 1172 307 1223 sententia
335 1179 456 1224 assereat
484 1187 532 1222 nee
561 1188 602 1222 are
627 1161 718 1234 jeato¹
747 1170 863 1236 latuisse
887 1169 1067 1235 episeapatem
1092 1167 1132 1217 di·

175 1254 291 1316 mittere,
312 1271 360 1306 nee
380 1253 473 1314 aliem,
495 1270 537 1304 are
558 1253 673 1311 virente,
691 1251 770 1316 juxte
792 1252 875 1316 legem
902 1251 1009 1302 Domini
1034 1249 1131 1301 sabati-

175 1335 215 1386 tai
237 1352 319 1402 pesse.
371 1337 427 1388 Nee
447 1335 518 1387 enim
544 1334 585 1384 vir
613 1351 720 1384 uxerem
749 1350 834 1393 saara.
863 1340 911 1384 eet
940 1349 1006 1384 exer
1034 1333 1131 1393 viram,

175 1424 207 1468 et
233 1418 278 1468 elii
308 1418 391 1469 ualeat
417 1417 553 1468 dimittere
580 1417 701 1481 legeliter
729 1421 823 1481 potest.
876 1415 929 1467 Sed
955 1417 1063 1466 sortasse
1092 1415 1130 1465 di·

175 1499 249 1558 citis.
268 1499 338 1550 “Te
359 1498 510 1549 dimisisti.''
552 1497 646 1548 Dimisi
668 1498 793 1562 qeiilem;
818 1496 873 1556 sed,
894 1496 964 1563 quod
987 1513 1048 1548 cem
1069 1512 1132 1563 paee

175 1587 264 1631 restra
283 1580 395 1639 dicatur,
417 1580 492 1630 illata
519 1579 545 1628 ei
574 1579 616 1631 eui
646 1579 777 1630 contraire
805 1578 922 1646 aeraeiri.
964 1579 1032 1631 Cera
1059 1578 1131 1630 eaim

176 1678 269 1729 perpes
289 1661 419 1713 discordis
439 1667 467 1712 et
491 1661 700 1712 interminabile«
725 1660 873 1712 inimicitia
897 1661 963 1712 milri
988 1677 1020 1712 ex
1044 1667 1133 1713 restra

176 1749 251 1810 parte
277 1760 324 1812 per
347 1760 391 1795 eos
415 1759 480 1809 caeos
507 1743 582 1793 robis
611 1743 753 1793 familiares
782 1759 838 1794 esse
867 1742 980 1795 sciebam
1010 1743 1131 1794 intende·

176 1831 277 1886 rentur,
311 1825 362 1877 nisi
397 1825 557 1891 episcopatui
592 1825 711 1874 funditus
743 1824 871 1882 cederem.
911 1831 939 1876 et
970 1824 1013 1874 lais
1045 1830 1132 1875 vester

175 1906 281 1957 habites
301 1907 371 1959 eires
395 1923 445 1965 me.
467 1914 494 1956 et
520 1905 663 1958 diseeisitia
690 1922 743 1972 aare
770 1922 812 1957 me
840 1906 882 1956 iria
906 1907 984 1957 relms
1007 1905 1041 1957 ad
1064 1923 1131 1974 pen·

174 1989 302 2039 tidentem
332 1989 524 2055 pertinentibus
552 1988 609 2038 siae
638 1989 696 2053 lege
719 1993 746 2038 et
765 1986 868 2050 judicio
892 1987 1026 2055 spoliastis
1049 1995 1130 2040 attee·

174 2075 302 2130 latenter.
324 2070 469 2121 neeesaserio
489 2069 576 2119 dimisi
598 2069 668 2135 «laod
689 2067 807 2119 ablatum
831 2069 946 2122 retinere
969 2087 1023 2121 nea
1045 2069 1129 2137 potui.

174 2150 227 2202 Bel
247 2151 279 2202 de
300 2151 358 2203 istis
378 2150 512 2217 epistolari
535 2149 664 2201 brevitate
684 2150 795 2216 disqairi
817 2151 953 2202 commode
974 2168 1027 2203 aaa
1049 2153 1128 2204 valet.

172 2233 347 2296 Qusmolrrem
383 2232 486 2284 emissis
521 2230 588 2290 istis,
610 2232 726 2283 breriter
748 2248 873 2295 suggero,
893 2232 956 2299 qnia
973 2233 996 2284 si
1017 2234 1044 2284 ia
1066 2249 1130 2300 paee

172 2320 259 2366 restra
281 2313 444 2382 permittitis,
459 2320 489 2366 et
508 2331 593 2380 opem,
615 2320 646 2364 et
667 2320 780 2378 vestram
802 2316 918 2380 regalem
938 2315 1129 2368 sublimitatem

173 2395 257 2454 deeet.
280 2398 346 2449 lerre
375 2396 520 2456 volueritis,
542 2402 573 2446 et
599 2396 633 2446 ad
662 2412 709 2446 ras
731 2397 874 2449 lroaoridee
898 2395 1003 2450 redeam
1026 2397 1061 2449 sd
1085 2414 1129 2450 es·

175 2477 299 2544 pleadum
333 2477 404 2544 apud
438 2493 484 2528 res
518 2477 655 2528 servilium
692 2478 738 2528 Dei
769 2485 797 2529 et
826 2486 952 2537 restrum.
983 2479 1129 2532 secundem

174 2560 336 2610 raleuletem
360 2558 419 2617 Dei,
443 2557 557 2610 conabor
579 2559 628 2609 iter
648 2559 767 2622 eggreii,
788 2566 815 2610 et
841 2560 868 2611 ia
889 2561 1012 2611 omnibns
1033 2562 1128 2612 rolen-

173 2640 221 2690 uti
251 2647 345 2692 vestrm
375 2656 473 2706 parere.
496 2641 557 2701 alai,
579 2640 648 2706 quod
670 2640 747 2700 alais,
769 2640 891 2693 videnter
918 2642 1049 2694 voluntati
1079 2644 1127 2695 Dei

171 2723 300 2774 resistere.
321 2718 416 2786 'Quod
438 2724 459 2772 si
481 2723 603 2788 araploeti
626 2723 736 2773 raiairae
750 2723 832 2773 ruitis
853 2725 923 2775 elim
937 2742 989 2776 aon
1011 2743 1127 2792 pessum,

172 2804 227 2855 Deo
247 2805 488 2869 eeesameeelesim
517 2821 571 2857 sure
600 2806 746 2863 committo.
777 2805 833 2872 ileo
862 2806 960 2867 videet,
990 2807 1045 2875 ipse
1072 2808 1264 2865 dis-nm.

172 2894 272 2953 penset,
295 2888 351 2954 ipse
375 2887 445 2953 qaod
472 2888 583 2953 aleisque
607 2896 722 2938 rueretur
744 2889 770 2938 ia
798 2890 846 2939 hoe
866 2907 914 2940 sao
936 2891 1043 2954 negotio
1071 2891 1129 2943 cui·

172 2985 224 3034 que
245 2969 356 3027 redden
376 2985 427 3032 ego
449 2969 558 3019 liberati
580 2977 610 3019 ut
631 2971 734 3019 aetiam
755 2971 870 3021 animam
893 2988 988 3030 meam.
1010 2989 1060 3036 ege
1081 2971 1126 3023 abi

173 3049 250 3100 delmi
279 3066 365 3100 eorem
386 3067 418 3100 eo
437 3050 544 3114 exposui
567 3067 671 3101 caerem
693 3067 788 3112 meam,
814 3058 920 3118 teretes
949 3053 976 3102 in
1005 3052 1128 3105 omnibns

173 3132 246 3196 etqui
274 3132 438 3182 voluntatem
467 3147 549 3182 suam.
599 3132 641 3182 Ne
668 3133 767 3198 petetis
795 3124 903 3184 tamen¹
923 3151 965 3185 me
987 3134 1015 3185 in
1038 3136 1128 3204 aliquo

173 3213 241 3263 selle
265 3214 405 3279 quiequam
428 3212 554 3277 derogare
579 3214 694 3264 libertati
716 3214 757 3265 rel
778 3214 905 3280 dignitati
926 3217 1003 3281 regni
1025 3217 1127 3269 Seette·

173 3308 242 3352 rem.
263 3311 383 3345 seeeram
399 3293 451 3345 'res
471 3311 526 3345 esse
547 3295 607 3345 rolo
628 3295 691 3361 qaia
711 3295 781 3362 qued
802 3313 818 3347 e
839 3314 881 3349 ms
901 3298 1015 3364 petistis.
1029 3305 1058 3350 et
1077 3315 1128 3365 ege

173 3380 237 3426 tene
259 3374 366 3441 quidem
391 3375 557 3442 adquiescere
586 3377 676 3436 nolui;
698 3378 833 3428 aestimans
861 3379 935 3430 alied
963 3395 1053 3447 quam,
1085 3397 1127 3434 se·

172 3456 287 3507 eandem
310 3457 379 3523 qued
406 3459 573 3524 postmodum
592 3458 684 3521 didici,
705 3460 837 3511 {estimare
857 3449 1044 3513 debebam'de
1065 3480 1128 3530 rege

173 3538 274 3590 seilieet
298 3539 455 3603 Anglemm.
478 3540 511 3591 de
531 3542 656 3607 pontifice
680 3541 895 3603 cantuariorum,
926 3550 955 3596 et
985 3543 1018 3596 ds
1046 3545 1128 3598 heae·

171 3618 287 3671 dictione
308 3619 478 3682 sseerdeleli5
499 3622 521 3672 si
551 3623 685 3689 heeeulee
706 3625 847 3689 mmistitis
869 3625 896 3675 ia
917 3627 1050 3678 namatio
1069 3643 1127 3680 ree·

172 3705 214 3752 n
244 3717 286 3753 ms
316 3702 430 3768 amplias
450 3703 669 3755 eeatredieterem
689 3720 744 3756 eea
772 3705 919 3769 helmbitiu
947 3723 997 3760 ase
1018 3709 1065 3761 ills
1083 3725 1128 3762 me

203 3956 292 4019 'jaseel
325 3957 363 4005 0e
393 3970 487 4004 mm
517 3957 629 4022 lale„
701 3959 908 4027 ’pedisse-ea]
933 3973 1014 4016 tun
1066 3968 1129 4028 tetis,

170 4032 282 4165 w
298 4038 324 4078 te
341 4030 432 4090 replete
442 4029 537 4091 hyla-e
554 4045 582 4079 er
599 4030 630 4077 le·
673 4033 702 4080 Λ.
1035 3981 1067 4029 μ
