3136 4890
228 498 287 565 178
437 512 586 562 marauna
606 508 765 559 novoaun
785 509 821 556 in
841 505 967 556 anatra

92 698 209 745 matt·
229 692 302 763 aoopi
321 699 350 747 ot
370 691 511 746 rliloutioue
543 689 634 743 latoris
662 687 834 757 pausantium
864 685 913 739 lilii
942 682 1029 737 nostri
1050 677 1326 743 Willelmi‚m.ut

230 775 278 843 qni
306 790 366 842 pro.
382 779 410 827 te
438 773 509 841 apud
544 786 593 825 nos
612 769 797 825 vehementius
831 768 1048 825 interseruerunt.
1081 768 1193 831 paterna
1224 823 1232 838 ἱ

176 849 178 851 ’
230 871 310 925 peaes
329 860 357 908 te
376 853 542 921 benignitate
562 868 710 907 movemur.
751 850 864 904 Osnmm
891 848 982 918 itaque
1002 852 1077 899 taum
1105 845 1192 898 eidem
1230 849 1236 875 ³

231 935 307 990 tratri
337 935 522 990 Oantaariensi
546 935 670 1004 episeopo
699 932 890 994 commisimus,
911 937 944 984 ut
968 928 1040 998 quod
1071 926 1128 994 lpse
1149 925 1193 977 in·
1250 894 1268 1059 Ἰ

230 1016 342 1072 dulserit
361 1016 566 1085 indulgeamun
587 1034 619 1070 so
639 1013 767 1069 nimirum
795 1013 906 1076 intuitu,
927 1029 959 1066 oa
978 1006 1140 1071 conditione.
1161 1010 1207 1060 ut*
1290 1004 1291 1007 ’
1378 1007 1384 1040 ¹

230 1100 315 1152 malos
334 1099 499 1153 nomiliarius
519 1115 633 1167 quorum
664 1097 795 1150 instinctu
815 1097 914 1149 multas
934 1092 1081 1164 pravitates
1102 1091 1194 1144 inaur-

231 1181 291 1234 riati
317 1198 334 1234 a
360 1187 408 1234 tua
434 1181 617 1237 familiaritate
644 1171 777 1248 rapollus.¹
816 1180 893 1233 Datso
913 1174 1060 1232 Benaveuti
1080 1187 1106 1227 r.
1131 1172 1194 1226 Kal.

230 1261 342 1331 Aprilis.
1212 1280 1213 1284 ¹

272 1346 359 1408 Misit
375 1366 494 1429 quoque
515 1347 656 1410 dominus
677 1364 757 1428 papa
769 1345 930 1428 epistolam
949 1343 1029 1407 hano
1041 1341 1193 1404 Ausolmo.
1377 1247 1395 1504 Ι

272 1449 408 1502 Paschalis
427 1449 575 1519 opiscopus,
596 1464 688 1502 servm
712 1465 849 1502 arvorum
870 1446 929 1511 Dei,
949 1443 1096 1499 venorabili
1117 1441 1194 1496 fratri

54 1559 57 1562 ⁴
80 1531 178 1677 &a
190 1529 361 1585 1¹·Ansalmo
381 1531 566 1586 cantuariensi
586 1531 720 1601 episcopo,
741 1531 855 1584 salntem
874 1536 904 1583 et
922 1526 1095 1598 apostolicam
1115 1525 1193 1581 boue·

165 1628 209 1670 aa·
233 1613 387 1668 dictionum.

80 1673 143 1718 ὴ·
274 1697 351 1763 Quod
372 1695 480 1765 Angliol
501 1696 573 1771 rogis
600 1713 646 1751 oor
672 1695 706 1750 uel
733 1695 885 1765 apostolicae
907 1693 977 1749 seon
1001 1690 1192 1746 abnuentium

234 1780 426 1848 omnipotentia
459 1779 509 1834 Dei
540 1779 662 1847 dignatio
690 1777 841 1841 inclinavit,
871 1777 957 1831 eidem
991 1776 1193 1830 miserationum

234 1861 349 1935 Domino
369 1861 468 1928 gratias
489 1860 602 1930 agimus,
624 1861 652 1913 in
673 1861 749 1928 cujus
769 1877 851 1914 manu
871 1876 965 1927 regum
986 1859 1065 1912 oonla
1084 1875 1193 1912 versan-

235 1933 302 1999 tua.²
341 1943 400 1996 Eoo
412 1943 540 1997 nimirum
558 1951 611 1997 tuto
625 1942 744 1997 caritatis
764 1941 852 2011 gratia
864 1948 1023 2009 tuarumque
1043 1941 1194 1995 orationum

235 2024 364 2080 instantia
392 2025 491 2079 l'sotum
520 2026 662 2086 oredimus.
684 2031 716 2078 nt
736 2025 763 2077 in
785 2026 836 2077 hao
856 2029 931 2093 parte
961 2024 1090 2093 populum
1115 2022 1192 2076 illum

234 2107 277 2160 uui
312 2112 360 2160 tna
393 2106 544 2161 sollicitudo
579 2106 705 2176 praesidat
737 2105 873 2159 miseratio
902 2122 1017 2174 superna
1044 2104 1194 2174 rospioorut.

234 2188 310 2254 Quod
330 2194 420 2241 autem
440 2195 468 2242 st
487 2188 546 2258 rugi
566 2195 595 2244 st
616 2189 649 2242 iis
670 2188 716 2257 qui
737 2188 845 2241 obnoxii
866 2187 993 2241 videntur
1013 2187 1078 2240 adeo
1099 2188 1194 2241 condo·

234 2269 393 2332 aoendimus,
414 2288 446 2324 eo
466 2271 562 2327 all'ootn
590 2276 620 2324 ot
639 2272 820 2339 eompassiouo
841 2272 941 2324 iactum
962 2269 1077 2331 novera,
1098 2275 1130 2321 ut
1149 2286 1195 2322 eos
1219 2273 1224 2284 “

234 2351 281 2421 qni
298 2351 423 2421 jaoobant
448 2353 551 2421 erigere
571 2354 712 2408 valeamus.
754 2353 806 2420 Qui
833 2353 906 2407 onim
934 2359 1008 2406 stans
1031 2351 1133 2420 jaoonti
1161 2351 1195 2404 nd

235 2434 426 2489 sublevandum
446 2451 556 2489 manum
577 2436 692 2505 porrigit
712 2453 849 2504 uunquam
869 2435 1005 2505 jacentem
1024 2434 1120 2501 eriget,
1141 2434 1195 2485 nisi

148 2556 151 2565 .
234 2522 262 2571 st
282 2516 339 2586 ipso
359 2524 490 2572 curvetur¹
534 2518 677 2580 Ceterum.
699 2519 820 2587 quamvis
848 2518 922 2571 onsui
945 2517 1125 2587 propinquare
1152 2516 1196 2567 in·

235 2598 344 2651 clinatio
365 2601 495 2663 viduatur,
517 2606 616 2653 statum
638 2607 727 2654 tamon
748 2600 918 2654 rectitudinis
938 2616 992 2652 non
1013 2598 1123 2652 amittit.
1158 2598 1196 2651 To

205 2686 333 2743 nautum,
348 2681 429 2734 irater
443 2682 471 2735 in
486 2682 593 2737 Ohristo
607 2682 766 2736 venerabilis
786 2690 814 2735 et
834 2680 978 2744 cnrimima,
993 2682 1027 2733 ab
1043 2680 1091 2732 illa
1105 2678 1194 2748 prohi-

234 2761 344 2827 bitione,
358 2763 423 2826 sive,
438 2771 470 2817 ut
485 2771 516 2817 tu
530 2763 624 2826 erulis,
638 2765 921 2825 excommunicatione,
932 2763 1102 2824 absolvimus,
1114 2778 1194 2829 quam

234 2844 267 2896 ab
287 2851 451 2898 anteoessoru
470 2853 561 2900 nostro
582 2853 680 2900 sanotae
701 2848 836 2901 momorioe
859 2847 967 2900 Urbano
979 2862 1049 2914 papa
1069 2845 1195 2897 advorsus
1426 2894 1431 2904 ,

234 2925 406 2980 investituras
425 2934 473 2980 aut
493 2929 612 2981 hominia
633 2930 728 2982 iactam
748 2928 885 2996 intelligis.
927 2928 968 2980 Tu
988 2943 1051 2981 voro
1071 2942 1116 2980 oos
1147 2924 1327 2993 quim-⁸¹¹·
1419 2934 1431 2974 J

234 3007 404 3066 investituras
417 3018 584 3079 aeceperunt,
595 3017 643 3064 aut
656 3011 795 3066 investitos
809 3010 1010 3073 benedixerunt,
1019 3007 1195 3062 anthominin
1414 2996 1429 3007 ”’

234 3091 362 3156 toooruut,
371 3109 432 3146 cum
444 3110 475 3146 oa
485 3094 665 3148 satisfactione
676 3111 755 3163 qnam
770 3095 820 3147 tibi
834 3111 881 3163 por
894 3081 1069 3147 communes⁸
1082 3092 1193 3159 legatos,

235 3172 398 3226 willelmum
409 3182 436 3230 ot
445 3167 630 3239 Baldniuum‚‘
638 3177 709 3230 viros
717 3177 807 3231 fidelos
815 3183 843 3230 ot
852 3175 993 3240 vuridiuos,
1001 3174 1194 3243 significamus,

235 3253 350 3309 Domino
370 3264 535 3327 ooopurante.
557 3259 692 3327 suscipito,
714 3265 742 3314 ot
764 3277 808 3314 eos
828 3259 887 3313 vias
907 3265 1005 3313 nostra)
1025 3257 1194 3312 auctoritatis

235 3336 374 3403 absolvito,
395 3356 461 3409 quos
491 3342 534 3395 vel
564 3342 620 3411 ipse
648 3343 798 3407 benedicas,
827 3341 870 3396 vel
905 3359 922 3396 a
950 3342 1047 3412 quibus
1078 3339 1194 3394 volueris

235 3417 355 3474 boueslld
375 3423 523 3492 prooipias,
544 3422 598 3476 uisi
617 3425 691 3478 alind
712 3425 741 3478 in
761 3426 800 3480 eis
822 3427 890 3479 torte
911 3424 1059 3495 reppereris
1087 3428 1195 3494 proptor

235 3503 306 3570 qnod
329 3520 347 3556 a
365 3505 447 3558 sanis
475 3505 531 3559 sint
560 3506 703 3561 honoribus
732 3508 886 3578 repellendi.
929 3508 1062 3562 (luterum
1092 3504 1194 3560 Elionsi

236 3583 325 3638 abbati
346 3592 401 3641 tuas
421 3587 615 3644 communionis
635 3590 798 3647 oonsortium
819 3591 958 3647 subtrahas
971 3588 1100 3660 quamdin
1113 3589 1196 3643 abba·

236 3665 302 3721 tiam
322 3669 436 3724 nanae
456 3675 664 3741 prompserit,
679 3693 759 3744 quam
772 3679 925 3745 contempto
945 3673 1031 3728 noval
1051 3673 1105 3726 oris
1125 3670 1197 3743 quod

235 3765 353 3820 possus
373 3752 494 3839 audierat
513 3755 655 3812 interdicto
682 3775 731 3828 per·
757 3757 897 3830 repetitam
919 3755 1105 3814 investituram
1126 3772 1199 3825 prm,

264 3947 629 4036 'Mummiam
702 3995 707 4007 ·
766 3973 1131 4043 was-stupemus]
1159 3977 1199 4030 On

247 4042 351 4094 ''W“
371 4046 507 4112 ww]
535 4049 574 4102 0¹
597 4063 691 4103 navans
737 4050 909 4104 massin.

233 4113 302 4167 ΒΑ·
413 4155 415 4160 -
514 4135 519 4146 ·
770 4122 1158 4192 «noemma,
