<?xml version="1.0" encoding="UTF-8"?>
<!DOCTYPE html PUBLIC "-//W3C//DTD XHTML 1.0 Transitional//EN"
    "http://www.w3.org/TR/xhtml1/DTD/xhtml1-transitional.dtd">
<html xmlns="http://www.w3.org/1999/xhtml" xml:lang="en" lang="en">
 <head>
  <title>
</title>
<meta http-equiv="Content-Type" content="text/html;charset=utf-8" />
  <meta name='ocr-system' content='tesseract 3.04.00' />
  <meta name='ocr-capabilities' content='ocr_page ocr_carea ocr_par ocr_line ocrx_word'/>
</head>
<body>
  <div class='ocr_page' id='page_1' title='image "./eadmerihistoria00eadmgoog_0243.png"; bbox 0 0 3136 4890; ppageno 0'>
   <div class='ocr_carea' id='block_1_1' title="bbox 506 585 1260 651">
    <p class='ocr_par' dir='ltr' id='par_1_1' title="bbox 506 585 1260 651">
     <span class='ocr_line' id='line_1_1' title="bbox 506 585 1260 651; baseline 0 -2"><span class='ocrx_word' id='word_1_1' title='bbox 506 601 657 651; x_wconf 80' lang='lat' dir='ltr'><strong>ursronrs</strong></span> <span class='ocrx_word' id='word_1_2' title='bbox 677 601 835 650; x_wconf 83' lang='lat' dir='ltr'><strong>novenorr</strong></span> <span class='ocrx_word' id='word_1_3' title='bbox 858 600 894 649; x_wconf 80' lang='lat' dir='ltr'><strong>nr</strong></span> <span class='ocrx_word' id='word_1_4' title='bbox 913 597 1042 649; x_wconf 76' lang='lat' dir='ltr'><strong>aucam</strong></span> <span class='ocrx_word' id='word_1_5' title='bbox 1200 585 1260 650; x_wconf 76' lang='lat'><strong>107</strong></span> 
     </span>
    </p>
   </div>
   <div class='ocr_carea' id='block_1_2' title="bbox 196 767 1427 3951">
    <p class='ocr_par' dir='ltr' id='par_1_2' title="bbox 196 767 1427 3951">
     <span class='ocr_line' id='line_1_2' title="bbox 294 767 1409 855; baseline -0.004 -21"><span class='ocrx_word' id='word_1_6' title='bbox 294 781 311 807; x_wconf 84' lang='lat'><strong>“</strong></span> <span class='ocrx_word' id='word_1_7' title='bbox 330 772 445 845; x_wconf 87' lang='lat' dir='ltr'><strong>audire,</strong></span> <span class='ocrx_word' id='word_1_8' title='bbox 465 774 569 837; x_wconf 69' lang='lat' dir='ltr'><strong>rennuit</strong></span> <span class='ocrx_word' id='word_1_9' title='bbox 589 773 780 855; x_wconf 78' lang='lat' dir='ltr'><strong>disciplinam</strong></span> <span class='ocrx_word' id='word_1_10' title='bbox 801 771 956 852; x_wconf 84' lang='lat' dir='ltr'><strong>accipera;</strong></span> <span class='ocrx_word' id='word_1_11' title='bbox 975 772 1072 832; x_wconf 86' lang='lat' dir='ltr'><strong>rastat</strong></span> <span class='ocrx_word' id='word_1_12' title='bbox 1099 772 1137 831; x_wconf 89' lang='lat' dir='ltr'><strong>ut</strong></span> <span class='ocrx_word' id='word_1_13' title='bbox 1159 767 1262 851; x_wconf 78' lang='lat' dir='ltr'><strong>gladio</strong></span> <span class='ocrx_word' id='word_1_14' title='bbox 1287 773 1409 820; x_wconf 69' lang='lat' dir='ltr'><strong>m·-</strong></span> 
     </span>
     <span class='ocr_line' id='line_1_3' title="bbox 294 862 1262 947; baseline -0.005 -19"><span class='ocrx_word' id='word_1_15' title='bbox 294 874 310 900; x_wconf 81' lang='lat'><strong>‘¹</strong></span> <span class='ocrx_word' id='word_1_16' title='bbox 330 866 436 929; x_wconf 85' lang='lat' dir='ltr'><strong>Sancti</strong></span> <span class='ocrx_word' id='word_1_17' title='bbox 471 868 554 931; x_wconf 87' lang='lat' dir='ltr'><strong>Petri</strong></span> <span class='ocrx_word' id='word_1_18' title='bbox 582 868 639 930; x_wconf 90' lang='lat' dir='ltr'><strong>sub</strong></span> <span class='ocrx_word' id='word_1_19' title='bbox 666 865 870 929; x_wconf 69' lang='lat' dir='ltr'><strong>anathematis</strong></span> <span class='ocrx_word' id='word_1_20' title='bbox 894 865 959 929; x_wconf 86' lang='lat' dir='ltr'><strong>ictu</strong></span> <span class='ocrx_word' id='word_1_21' title='bbox 985 883 1153 947; x_wconf 83' lang='lat' dir='ltr'><strong>pamusros,</strong></span> <span class='ocrx_word' id='word_1_22' title='bbox 1180 862 1262 945; x_wconf 89' lang='lat' dir='ltr'><strong>quod</strong></span> 
     </span>
     <span class='ocr_line' id='line_1_4' title="bbox 294 955 1264 1041; baseline -0.001 -21"><span class='ocrx_word' id='word_1_23' title='bbox 294 968 310 994; x_wconf 85' lang='lat'><strong>“</strong></span> <span class='ocrx_word' id='word_1_24' title='bbox 332 961 442 1022; x_wconf 88' lang='lat' dir='ltr'><strong>meruit</strong></span> <span class='ocrx_word' id='word_1_25' title='bbox 460 963 582 1034; x_wconf 87' lang='lat' dir='ltr'><strong>sentiat,</strong></span> <span class='ocrx_word' id='word_1_26' title='bbox 603 962 699 1024; x_wconf 84' lang='lat' dir='ltr'><strong>donec</strong></span> <span class='ocrx_word' id='word_1_27' title='bbox 722 981 742 1024; x_wconf 84' lang='lat' dir='ltr'><strong>a</strong></span> <span class='ocrx_word' id='word_1_28' title='bbox 764 980 819 1021; x_wconf 76' lang='lat' dir='ltr'><strong>ssia</strong></span> <span class='ocrx_word' id='word_1_29' title='bbox 841 959 993 1041; x_wconf 70' lang='lat' dir='ltr'><strong>pravitate</strong></span> <span class='ocrx_word' id='word_1_30' title='bbox 1018 957 1162 1021; x_wconf 61' lang='lat' dir='ltr'><strong>esseda</strong></span> <span class='ocrx_word' id='word_1_31' title='bbox 1202 955 1264 1019; x_wconf 75' lang='lat' dir='ltr'><strong>Rs-</strong></span> 
     </span>
     <span class='ocr_line' id='line_1_5' title="bbox 293 1052 1415 1150; baseline -0.001 -37"><span class='ocrx_word' id='word_1_32' title='bbox 293 1055 523 1135; x_wconf 83' lang='lat' dir='ltr'><strong>spondit,“1tn</strong></span> <span class='ocrx_word' id='word_1_33' title='bbox 546 1056 617 1118; x_wconf 77' lang='lat' dir='ltr'><strong>cst”</strong></span> <span class='ocrx_word' id='word_1_34' title='bbox 658 1056 795 1116; x_wconf 75' lang='lat' dir='ltr'><strong>Audiens</strong></span> <span class='ocrx_word' id='word_1_35' title='bbox 814 1054 881 1118; x_wconf 83' lang='lat' dir='ltr'><strong>haeo</strong></span> <span class='ocrx_word' id='word_1_36' title='bbox 903 1053 1067 1116; x_wconf 84' lang='lat' dir='ltr'><strong>Ansolmus</strong></span> <span class='ocrx_word' id='word_1_37' title='bbox 1091 1052 1173 1114; x_wconf 84' lang='lat' dir='ltr'><strong>illino</strong></span> <span class='ocrx_word' id='word_1_38' title='bbox 1197 1058 1415 1150; x_wconf 51' lang='lat' dir='ltr'><strong>arar-Q</strong></span> 
     </span>
     <span class='ocr_line' id='line_1_6' title="bbox 294 1146 1413 1252; baseline 0 -45"><span class='ocrx_word' id='word_1_39' title='bbox 294 1149 384 1219; x_wconf 82' lang='lat' dir='ltr'><strong>rexit,</strong></span> <span class='ocrx_word' id='word_1_40' title='bbox 412 1154 445 1210; x_wconf 88' lang='lat' dir='ltr'><strong>ot</strong></span> <span class='ocrx_word' id='word_1_41' title='bbox 472 1149 561 1210; x_wconf 85' lang='lat' dir='ltr'><strong>flexis</strong></span> <span class='ocrx_word' id='word_1_42' title='bbox 589 1148 718 1228; x_wconf 79' lang='lat' dir='ltr'><strong>genibus</strong></span> <span class='ocrx_word' id='word_1_43' title='bbox 746 1167 846 1210; x_wconf 87' lang='lat' dir='ltr'><strong>eoram</strong></span> <span class='ocrx_word' id='word_1_44' title='bbox 867 1165 956 1227; x_wconf 87' lang='lat' dir='ltr'><strong>papa,</strong></span> <span class='ocrx_word' id='word_1_45' title='bbox 978 1146 1141 1227; x_wconf 76' lang='lat' dir='ltr'><strong>praefatum</strong></span> <span class='ocrx_word' id='word_1_46' title='bbox 1162 1163 1263 1226; x_wconf 77' lang='lat' dir='ltr'><strong>ragam</strong></span> <span class='ocrx_word' id='word_1_47' title='bbox 1275 1152 1413 1252; x_wconf 43' lang='lat' dir='ltr'><strong>{a</strong></span> 
     </span>
     <span class='ocr_line' id='line_1_7' title="bbox 290 1237 1265 1320; baseline -0.003 -19"><span class='ocrx_word' id='word_1_48' title='bbox 290 1240 357 1320; x_wconf 87' lang='lat' dir='ltr'><strong>jam</strong></span> <span class='ocrx_word' id='word_1_49' title='bbox 392 1245 466 1303; x_wconf 87' lang='lat' dir='ltr'><strong>tunc</strong></span> <span class='ocrx_word' id='word_1_50' title='bbox 497 1240 756 1304; x_wconf 87' lang='lat' dir='ltr'><strong>excommunicare</strong></span> <span class='ocrx_word' id='word_1_51' title='bbox 785 1244 899 1319; x_wconf 85' lang='lat' dir='ltr'><strong>parate,</strong></span> <span class='ocrx_word' id='word_1_52' title='bbox 926 1239 981 1299; x_wconf 81' lang='lat' dir='ltr'><strong>vix</strong></span> <span class='ocrx_word' id='word_1_53' title='bbox 1009 1238 1145 1301; x_wconf 85' lang='lat' dir='ltr'><strong>obtinuit</strong></span> <span class='ocrx_word' id='word_1_54' title='bbox 1168 1257 1207 1299; x_wconf 87' lang='lat' dir='ltr'><strong>ne</strong></span> <span class='ocrx_word' id='word_1_55' title='bbox 1231 1237 1265 1298; x_wconf 90' lang='lat' dir='ltr'><strong>in</strong></span> 
     </span>
     <span class='ocr_line' id='line_1_8' title="bbox 296 1332 1361 1413; baseline -0.003 -19"><span class='ocrx_word' id='word_1_56' title='bbox 296 1353 396 1412; x_wconf 80' lang='lat' dir='ltr'><strong>regem</strong></span> <span class='ocrx_word' id='word_1_57' title='bbox 428 1334 540 1395; x_wconf 77' lang='lat' dir='ltr'><strong>laceret</strong></span> <span class='ocrx_word' id='word_1_58' title='bbox 567 1333 649 1413; x_wconf 89' lang='lat' dir='ltr'><strong>quod</strong></span> <span class='ocrx_word' id='word_1_59' title='bbox 677 1333 845 1394; x_wconf 89' lang='lat' dir='ltr'><strong>eommunis</strong></span> <span class='ocrx_word' id='word_1_60' title='bbox 865 1332 1002 1393; x_wconf 90' lang='lat' dir='ltr'><strong>omnium</strong></span> <span class='ocrx_word' id='word_1_61' title='bbox 1023 1332 1176 1393; x_wconf 83' lang='lat' dir='ltr'><strong>sententia</strong></span> <span class='ocrx_word' id='word_1_62' title='bbox 1196 1349 1266 1412; x_wconf 90' lang='lat' dir='ltr'><strong>pro·</strong></span> <span class='ocrx_word' id='word_1_63' title='bbox 1349 1332 1361 1350; x_wconf 82' lang='lat'><em>⁰</em></span> 
     </span>
     <span class='ocr_line' id='line_1_9' title="bbox 296 1423 1267 1505; baseline -0.002 -20"><span class='ocrx_word' id='word_1_64' title='bbox 296 1426 455 1504; x_wconf 81' lang='lat' dir='ltr'><strong>mulgavit</strong></span> <span class='ocrx_word' id='word_1_65' title='bbox 498 1425 557 1500; x_wconf 83' lang='lat' dir='ltr'><strong>Qui</strong></span> <span class='ocrx_word' id='word_1_66' title='bbox 582 1445 654 1505; x_wconf 80' lang='lat' dir='ltr'><strong>ergo</strong></span> <span class='ocrx_word' id='word_1_67' title='bbox 675 1425 844 1485; x_wconf 74' lang='lat' dir='ltr'><strong>bonitatam</strong></span> <span class='ocrx_word' id='word_1_68' title='bbox 866 1424 926 1484; x_wconf 83' lang='lat' dir='ltr'><strong>viri</strong></span> <span class='ocrx_word' id='word_1_69' title='bbox 950 1423 1014 1485; x_wconf 89' lang='lat' dir='ltr'><strong>solo</strong></span> <span class='ocrx_word' id='word_1_70' title='bbox 1038 1424 1123 1504; x_wconf 85' lang='lat' dir='ltr'><strong>prius</strong></span> <span class='ocrx_word' id='word_1_71' title='bbox 1144 1423 1267 1485; x_wconf 76' lang='lat' dir='ltr'><strong>tuomet</strong></span> 
     </span>
     <span class='ocr_line' id='line_1_10' title="bbox 196 1516 1267 1598; baseline -0.002 -19"><span class='ocrx_word' id='word_1_72' title='bbox 196 1537 264 1588; x_wconf 71' lang='lat' dir='ltr'><strong>arra</strong></span> <span class='ocrx_word' id='word_1_73' title='bbox 297 1520 405 1580; x_wconf 93' lang='lat' dir='ltr'><strong>auditu</strong></span> <span class='ocrx_word' id='word_1_74' title='bbox 430 1518 538 1590; x_wconf 88' lang='lat' dir='ltr'><strong>edocti,</strong></span> <span class='ocrx_word' id='word_1_75' title='bbox 559 1538 641 1581; x_wconf 90' lang='lat' dir='ltr'><strong>nune</strong></span> <span class='ocrx_word' id='word_1_76' title='bbox 661 1539 728 1580; x_wconf 89' lang='lat' dir='ltr'><strong>eam</strong></span> <span class='ocrx_word' id='word_1_77' title='bbox 749 1518 830 1580; x_wconf 83' lang='lat' dir='ltr'><strong>sacto</strong></span> <span class='ocrx_word' id='word_1_78' title='bbox 851 1538 883 1580; x_wconf 91' lang='lat' dir='ltr'><strong>so</strong></span> <span class='ocrx_word' id='word_1_79' title='bbox 910 1516 1042 1598; x_wconf 86' lang='lat' dir='ltr'><strong>experiri</strong></span> <span class='ocrx_word' id='word_1_80' title='bbox 1065 1517 1164 1598; x_wconf 79' lang='lat' dir='ltr'><strong>gavisi</strong></span> <span class='ocrx_word' id='word_1_81' title='bbox 1192 1521 1267 1577; x_wconf 87' lang='lat' dir='ltr'><strong>sunt</strong></span> 
     </span>
     <span class='ocr_line' id='line_1_11' title="bbox 297 1612 1367 1693; baseline -0.002 -20"><span class='ocrx_word' id='word_1_82' title='bbox 297 1614 371 1673; x_wconf 81' lang='lat' dir='ltr'><strong>(lum</strong></span> <span class='ocrx_word' id='word_1_83' title='bbox 393 1612 479 1673; x_wconf 87' lang='lat' dir='ltr'><strong>illurn</strong></span> <span class='ocrx_word' id='word_1_84' title='bbox 501 1619 533 1673; x_wconf 90' lang='lat' dir='ltr'><strong>et</strong></span> <span class='ocrx_word' id='word_1_85' title='bbox 555 1632 609 1693; x_wconf 86' lang='lat' dir='ltr'><strong>pru</strong></span> <span class='ocrx_word' id='word_1_86' title='bbox 630 1613 709 1674; x_wconf 91' lang='lat' dir='ltr'><strong>malo</strong></span> <span class='ocrx_word' id='word_1_87' title='bbox 737 1613 849 1673; x_wconf 70' lang='lat' dir='ltr'><strong>lienum</strong></span> <span class='ocrx_word' id='word_1_88' title='bbox 870 1612 1004 1682; x_wconf 88' lang='lat' dir='ltr'><strong>reddero,</strong></span> <span class='ocrx_word' id='word_1_89' title='bbox 1026 1616 1058 1673; x_wconf 87' lang='lat' dir='ltr'><strong>ct</strong></span> <span class='ocrx_word' id='word_1_90' title='bbox 1085 1629 1140 1692; x_wconf 87' lang='lat' dir='ltr'><strong>pro</strong></span> <span class='ocrx_word' id='word_1_91' title='bbox 1167 1629 1265 1691; x_wconf 77' lang='lat' dir='ltr'><strong>perae·</strong></span> <span class='ocrx_word' id='word_1_92' title='bbox 1359 1629 1367 1641; x_wconf 93' lang='lat'><strong>·</strong></span> 
     </span>
     <span class='ocr_line' id='line_1_12' title="bbox 298 1702 1265 1785; baseline 0 -20"><span class='ocrx_word' id='word_1_93' title='bbox 298 1712 410 1785; x_wconf 78' lang='lat' dir='ltr'><strong>quante</strong></span> <span class='ocrx_word' id='word_1_94' title='bbox 431 1726 463 1766; x_wconf 91' lang='lat' dir='ltr'><strong>se</strong></span> <span class='ocrx_word' id='word_1_95' title='bbox 484 1724 545 1766; x_wconf 92' lang='lat' dir='ltr'><strong>non</strong></span> <span class='ocrx_word' id='word_1_96' title='bbox 567 1707 638 1768; x_wconf 83' lang='lat' dir='ltr'><strong>licta</strong></span> <span class='ocrx_word' id='word_1_97' title='bbox 656 1706 763 1766; x_wconf 86' lang='lat' dir='ltr'><strong>vident</strong></span> <span class='ocrx_word' id='word_1_98' title='bbox 783 1724 871 1785; x_wconf 87' lang='lat' dir='ltr'><strong>prece</strong></span> <span class='ocrx_word' id='word_1_99' title='bbox 891 1703 1083 1768; x_wconf 78' lang='lat' dir='ltr'><strong>intercedere</strong></span> <span class='ocrx_word' id='word_1_100' title='bbox 1123 1702 1265 1765; x_wconf 77' lang='lat' dir='ltr'><strong>Admira-</strong></span> 
     </span>
     <span class='ocr_line' id='line_1_13' title="bbox 299 1798 859 1878; baseline 0.004 -20"><span class='ocrx_word' id='word_1_101' title='bbox 299 1799 369 1858; x_wconf 91' lang='lat' dir='ltr'><strong>bilis</strong></span> <span class='ocrx_word' id='word_1_102' title='bbox 390 1798 493 1878; x_wconf 83' lang='lat' dir='ltr'><strong>itaquo</strong></span> <span class='ocrx_word' id='word_1_103' title='bbox 515 1799 666 1860; x_wconf 80' lang='lat' dir='ltr'><strong>universis</strong></span> <span class='ocrx_word' id='word_1_104' title='bbox 687 1798 785 1860; x_wconf 82' lang='lat' dir='ltr'><strong>iactus</strong></span> <span class='ocrx_word' id='word_1_105' title='bbox 806 1803 859 1860; x_wconf 78' lang='lat' dir='ltr'><strong>est</strong></span> 
     </span>
     <span class='ocr_line' id='line_1_14' title="bbox 341 1888 1427 1987; baseline 0 -35"><span class='ocrx_word' id='word_1_106' title='bbox 341 1893 427 1952; x_wconf 81' lang='lat' dir='ltr'><strong>Inter</strong></span> <span class='ocrx_word' id='word_1_107' title='bbox 461 1892 527 1954; x_wconf 77' lang='lat' dir='ltr'><strong>luce</strong></span> <span class='ocrx_word' id='word_1_108' title='bbox 562 1912 618 1972; x_wconf 82' lang='lat' dir='ltr'><strong>ego</strong></span> <span class='ocrx_word' id='word_1_109' title='bbox 642 1892 722 1973; x_wconf 87' lang='lat' dir='ltr'><strong>patri</strong></span> <span class='ocrx_word' id='word_1_110' title='bbox 753 1911 808 1972; x_wconf 91' lang='lat' dir='ltr'><strong>per</strong></span> <span class='ocrx_word' id='word_1_111' title='bbox 839 1890 944 1953; x_wconf 91' lang='lat' dir='ltr'><strong>omnia</strong></span> <span class='ocrx_word' id='word_1_112' title='bbox 972 1909 1105 1972; x_wconf 71' lang='lat' dir='ltr'><strong>presens</strong></span> <span class='ocrx_word' id='word_1_113' title='bbox 1133 1888 1427 1987; x_wconf 53' lang='lat' dir='ltr'><strong>adsummi-</strong></span> 
     </span>
     <span class='ocr_line' id='line_1_15' title="bbox 299 1954 1427 2087; baseline -0.001 -41"><span class='ocrx_word' id='word_1_114' title='bbox 299 1985 436 2066; x_wconf 85' lang='lat' dir='ltr'><strong>pnratus&#39;</strong></span> <span class='ocrx_word' id='word_1_115' title='bbox 450 1985 595 2048; x_wconf 83' lang='lat' dir='ltr'><strong>videlicet</strong></span> <span class='ocrx_word' id='word_1_116' title='bbox 614 1986 654 2046; x_wconf 90' lang='lat' dir='ltr'><strong>ad</strong></span> <span class='ocrx_word' id='word_1_117' title='bbox 675 1985 836 2046; x_wconf 78' lang='lat' dir='ltr'><strong>servitium</strong></span> <span class='ocrx_word' id='word_1_118' title='bbox 857 1984 930 2067; x_wconf 72' lang='lat' dir='ltr'><strong>ejus</strong></span> <span class='ocrx_word' id='word_1_119' title='bbox 973 1985 1014 2047; x_wconf 80' lang='lat' dir='ltr'><strong>Et</strong></span> <span class='ocrx_word' id='word_1_120' title='bbox 1035 1985 1109 2064; x_wconf 80' lang='lat' dir='ltr'><strong>quia</strong></span> <span class='ocrx_word' id='word_1_121' title='bbox 1128 1983 1205 2046; x_wconf 85' lang='lat' dir='ltr'><strong>mihi</strong></span> <span class='ocrx_word' id='word_1_122' title='bbox 1225 1983 1266 2046; x_wconf 90' lang='lat' dir='ltr'><strong>ab</strong></span> <span class='ocrx_word' id='word_1_123' title='bbox 1276 1954 1427 2087; x_wconf 48' lang='lat' dir='ltr'><strong>ffili}</strong></span> 
     </span>
     <span class='ocr_line' id='line_1_16' title="bbox 300 2076 1411 2159; baseline 0.001 -21"><span class='ocrx_word' id='word_1_124' title='bbox 300 2080 432 2139; x_wconf 86' lang='lat' dir='ltr'><strong>insontia</strong></span> <span class='ocrx_word' id='word_1_125' title='bbox 463 2078 514 2139; x_wconf 91' lang='lat' dir='ltr'><strong>hic</strong></span> <span class='ocrx_word' id='word_1_126' title='bbox 545 2099 610 2138; x_wconf 89' lang='lat' dir='ltr'><strong>mos</strong></span> <span class='ocrx_word' id='word_1_127' title='bbox 640 2098 758 2159; x_wconf 86' lang='lat' dir='ltr'><strong>semper</strong></span> <span class='ocrx_word' id='word_1_128' title='bbox 787 2076 872 2148; x_wconf 89' lang='lat' dir='ltr'><strong>erat,¹</strong></span> <span class='ocrx_word' id='word_1_129' title='bbox 901 2096 984 2140; x_wconf 81' lang='lat' dir='ltr'><strong>nova</strong></span> <span class='ocrx_word' id='word_1_130' title='bbox 1014 2099 1084 2159; x_wconf 71' lang='lat' dir='ltr'><strong>queo</strong></span> <span class='ocrx_word' id='word_1_131' title='bbox 1111 2077 1192 2140; x_wconf 80' lang='lat' dir='ltr'><strong>terte</strong></span> <span class='ocrx_word' id='word_1_132' title='bbox 1212 2078 1411 2139; x_wconf 45' lang='lat' dir='ltr'><strong>aad*</strong></span> 
     </span>
     <span class='ocr_line' id='line_1_17' title="bbox 299 2172 1266 2255; baseline 0.002 -22"><span class='ocrx_word' id='word_1_133' title='bbox 299 2172 433 2233; x_wconf 86' lang='lat' dir='ltr'><strong>maximo</strong></span> <span class='ocrx_word' id='word_1_134' title='bbox 448 2172 479 2232; x_wconf 91' lang='lat' dir='ltr'><strong>in</strong></span> <span class='ocrx_word' id='word_1_135' title='bbox 494 2172 705 2235; x_wconf 81' lang='lat' dir='ltr'><strong>ecelesiasticis</strong></span> <span class='ocrx_word' id='word_1_136' title='bbox 719 2172 919 2234; x_wconf 79' lang='lat' dir='ltr'><strong>occurrebant</strong></span> <span class='ocrx_word' id='word_1_137' title='bbox 932 2172 1074 2255; x_wconf 79' lang='lat' dir='ltr'><strong>diligenti</strong></span> <span class='ocrx_word' id='word_1_138' title='bbox 1095 2172 1266 2235; x_wconf 86' lang='lat' dir='ltr'><strong>intentione</strong></span> 
     </span>
     <span class='ocr_line' id='line_1_18' title="bbox 301 2264 1267 2349; baseline 0.001 -22"><span class='ocrx_word' id='word_1_139' title='bbox 301 2267 489 2328; x_wconf 84' lang='lat' dir='ltr'><strong>considerare</strong></span> <span class='ocrx_word' id='word_1_140' title='bbox 510 2285 545 2328; x_wconf 86' lang='lat' dir='ltr'><strong>ac</strong></span> <span class='ocrx_word' id='word_1_141' title='bbox 560 2267 712 2327; x_wconf 78' lang='lat' dir='ltr'><strong>memoriae</strong></span> <span class='ocrx_word' id='word_1_142' title='bbox 727 2264 947 2336; x_wconf 88' lang='lat' dir='ltr'><strong>commendare,</strong></span> <span class='ocrx_word' id='word_1_143' title='bbox 963 2266 1145 2349; x_wconf 82' lang='lat' dir='ltr'><strong>dispositum</strong></span> <span class='ocrx_word' id='word_1_144' title='bbox 1167 2267 1267 2330; x_wconf 84' lang='lat' dir='ltr'><strong>conci·</strong></span> 
     </span>
     <span class='ocr_line' id='line_1_19' title="bbox 302 2359 1266 2438; baseline 0.003 -19"><span class='ocrx_word' id='word_1_145' title='bbox 302 2362 386 2432; x_wconf 89' lang='lat' dir='ltr'><strong>lium,</strong></span> <span class='ocrx_word' id='word_1_146' title='bbox 418 2360 484 2420; x_wconf 89' lang='lat' dir='ltr'><strong>loca</strong></span> <span class='ocrx_word' id='word_1_147' title='bbox 503 2366 536 2419; x_wconf 91' lang='lat' dir='ltr'><strong>et</strong></span> <span class='ocrx_word' id='word_1_148' title='bbox 557 2359 678 2419; x_wconf 77' lang='lat' dir='ltr'><strong>ordines</strong></span> <span class='ocrx_word' id='word_1_149' title='bbox 704 2378 909 2438; x_wconf 88' lang='lat' dir='ltr'><strong>personarum,</strong></span> <span class='ocrx_word' id='word_1_150' title='bbox 930 2360 1036 2421; x_wconf 83' lang='lat' dir='ltr'><strong>modos</strong></span> <span class='ocrx_word' id='word_1_151' title='bbox 1057 2366 1090 2423; x_wconf 83' lang='lat' dir='ltr'><strong>ot</strong></span> <span class='ocrx_word' id='word_1_152' title='bbox 1108 2360 1266 2422; x_wconf 78' lang='lat' dir='ltr'><strong>examina·</strong></span> 
     </span>
     <span class='ocr_line' id='line_1_20' title="bbox 303 2452 1265 2536; baseline 0 -22"><span class='ocrx_word' id='word_1_153' title='bbox 303 2455 401 2514; x_wconf 92' lang='lat' dir='ltr'><strong>tiones</strong></span> <span class='ocrx_word' id='word_1_154' title='bbox 421 2472 587 2524; x_wconf 87' lang='lat' dir='ltr'><strong>causamm,</strong></span> <span class='ocrx_word' id='word_1_155' title='bbox 616 2453 734 2514; x_wconf 91' lang='lat' dir='ltr'><strong>curiosa</strong></span> <span class='ocrx_word' id='word_1_156' title='bbox 766 2452 893 2514; x_wconf 82' lang='lat' dir='ltr'><strong>sortasse</strong></span> <span class='ocrx_word' id='word_1_157' title='bbox 915 2453 1012 2534; x_wconf 77' lang='lat' dir='ltr'><strong>magis</strong></span> <span class='ocrx_word' id='word_1_158' title='bbox 1043 2473 1135 2534; x_wconf 89' lang='lat' dir='ltr'><strong>quam</strong></span> <span class='ocrx_word' id='word_1_159' title='bbox 1164 2453 1265 2536; x_wconf 74' lang='lat' dir='ltr'><strong>sagaci</strong></span> 
     </span>
     <span class='ocr_line' id='line_1_21' title="bbox 302 2549 1267 2632; baseline 0.001 -21"><span class='ocrx_word' id='word_1_160' title='bbox 302 2558 403 2612; x_wconf 84' lang='lat' dir='ltr'><strong>urente</strong></span> <span class='ocrx_word' id='word_1_161' title='bbox 431 2556 462 2611; x_wconf 92' lang='lat' dir='ltr'><strong>et</strong></span> <span class='ocrx_word' id='word_1_162' title='bbox 491 2550 578 2612; x_wconf 91' lang='lat' dir='ltr'><strong>oculo</strong></span> <span class='ocrx_word' id='word_1_163' title='bbox 599 2549 671 2612; x_wconf 92' lang='lat' dir='ltr'><strong>hinc</strong></span> <span class='ocrx_word' id='word_1_164' title='bbox 695 2549 775 2619; x_wconf 91' lang='lat' dir='ltr'><strong>indo,</strong></span> <span class='ocrx_word' id='word_1_165' title='bbox 797 2554 904 2628; x_wconf 79' lang='lat' dir='ltr'><strong>utpote</strong></span> <span class='ocrx_word' id='word_1_166' title='bbox 924 2550 978 2628; x_wconf 86' lang='lat' dir='ltr'><strong>qui</strong></span> <span class='ocrx_word' id='word_1_167' title='bbox 1000 2569 1158 2630; x_wconf 85' lang='lat' dir='ltr'><strong>nunqnam</strong></span> <span class='ocrx_word' id='word_1_168' title='bbox 1180 2551 1267 2632; x_wconf 80' lang='lat' dir='ltr'><strong>priua</strong></span> 
     </span>
     <span class='ocr_line' id='line_1_22' title="bbox 303 2640 1266 2712; baseline 0.002 -9"><span class='ocrx_word' id='word_1_169' title='bbox 303 2644 377 2704; x_wconf 87' lang='lat' dir='ltr'><strong>talio</strong></span> <span class='ocrx_word' id='word_1_170' title='bbox 391 2644 536 2712; x_wconf 86' lang='lat' dir='ltr'><strong>videram,</strong></span> <span class='ocrx_word' id='word_1_171' title='bbox 551 2643 688 2703; x_wconf 76' lang='lat' dir='ltr'><strong>molesto</strong></span> <span class='ocrx_word' id='word_1_172' title='bbox 702 2641 819 2702; x_wconf 87' lang='lat' dir='ltr'><strong>intuitu</strong></span> <span class='ocrx_word' id='word_1_173' title='bbox 833 2640 1030 2703; x_wconf 74' lang='lat' dir='ltr'><strong>consideravi.</strong></span> <span class='ocrx_word' id='word_1_174' title='bbox 1074 2643 1149 2704; x_wconf 78' lang='lat' dir='ltr'><strong>Ecce</strong></span> <span class='ocrx_word' id='word_1_175' title='bbox 1163 2652 1266 2705; x_wconf 77' lang='lat' dir='ltr'><strong>auum</strong></span> 
     </span>
     <span class='ocr_line' id='line_1_23' title="bbox 302 2734 1268 2814; baseline 0.003 -19"><span class='ocrx_word' id='word_1_176' title='bbox 302 2756 372 2798; x_wconf 86' lang='lat' dir='ltr'><strong>eum</strong></span> <span class='ocrx_word' id='word_1_177' title='bbox 392 2737 453 2795; x_wconf 91' lang='lat' dir='ltr'><strong>illis</strong></span> <span class='ocrx_word' id='word_1_178' title='bbox 475 2735 673 2804; x_wconf 87' lang='lat' dir='ltr'><strong>intenderem,</strong></span> <span class='ocrx_word' id='word_1_179' title='bbox 695 2734 826 2796; x_wconf 86' lang='lat' dir='ltr'><strong>occurrit</strong></span> <span class='ocrx_word' id='word_1_180' title='bbox 853 2752 943 2814; x_wconf 83' lang='lat' dir='ltr'><strong>quem</strong></span> <span class='ocrx_word' id='word_1_181' title='bbox 964 2741 1057 2796; x_wconf 81' lang='lat' dir='ltr'><strong>antea</strong></span> <span class='ocrx_word' id='word_1_182' title='bbox 1076 2734 1154 2796; x_wconf 86' lang='lat' dir='ltr'><strong>beno</strong></span> <span class='ocrx_word' id='word_1_183' title='bbox 1173 2755 1268 2798; x_wconf 82' lang='lat' dir='ltr'><strong>novo·</strong></span> 
     </span>
     <span class='ocr_line' id='line_1_24' title="bbox 253 2828 1268 2909; baseline 0.002 -21"><span class='ocrx_word' id='word_1_184' title='bbox 253 2904 256 2909; x_wconf 24' lang='grc' dir='ltr'>Ι</span> <span class='ocrx_word' id='word_1_185' title='bbox 303 2850 368 2890; x_wconf 78' lang='lat' dir='ltr'><strong>rani</strong></span> <span class='ocrx_word' id='word_1_186' title='bbox 390 2828 634 2909; x_wconf 78' lang='lat' dir='ltr'><strong>archiepiscopus</strong></span> <span class='ocrx_word' id='word_1_187' title='bbox 656 2829 900 2899; x_wconf 81' lang='lat' dir='ltr'><strong>Beneventanus,</strong></span> <span class='ocrx_word' id='word_1_188' title='bbox 921 2846 1018 2908; x_wconf 79' lang='lat' dir='ltr'><strong>cappa</strong></span> <span class='ocrx_word' id='word_1_189' title='bbox 1037 2847 1102 2909; x_wconf 81' lang='lat' dir='ltr'><strong>prro</strong></span> <span class='ocrx_word' id='word_1_190' title='bbox 1125 2829 1268 2890; x_wconf 79' lang='lat' dir='ltr'><strong>omnibus</strong></span> 
     </span>
     <span class='ocr_line' id='line_1_25' title="bbox 304 2925 1267 3006; baseline 0.006 -24"><span class='ocrx_word' id='word_1_191' title='bbox 304 2928 356 3004; x_wconf 85' lang='lat' dir='ltr'><strong>qui</strong></span> <span class='ocrx_word' id='word_1_192' title='bbox 391 2926 557 2987; x_wconf 88' lang='lat' dir='ltr'><strong>conventui</strong></span> <span class='ocrx_word' id='word_1_193' title='bbox 593 2926 650 3006; x_wconf 80' lang='lat' dir='ltr'><strong>ipsi</strong></span> <span class='ocrx_word' id='word_1_194' title='bbox 687 2926 857 2986; x_wconf 84' lang='lat' dir='ltr'><strong>intererant</strong></span> <span class='ocrx_word' id='word_1_195' title='bbox 891 2925 1062 3005; x_wconf 85' lang='lat' dir='ltr'><strong>pretiosiori</strong></span> <span class='ocrx_word' id='word_1_196' title='bbox 1099 2925 1267 2989; x_wconf 87' lang='lat' dir='ltr'><strong>decoratua</strong></span> 
     </span>
     <span class='ocr_line' id='line_1_26' title="bbox 305 3017 1268 3100; baseline 0.003 -22"><span class='ocrx_word' id='word_1_197' title='bbox 305 3019 387 3098; x_wconf 87' lang='lat' dir='ltr'><strong>Popu</strong></span> <span class='ocrx_word' id='word_1_198' title='bbox 422 3019 501 3080; x_wconf 83' lang='lat' dir='ltr'><strong>eninr</strong></span> <span class='ocrx_word' id='word_1_199' title='bbox 535 3037 596 3079; x_wconf 90' lang='lat' dir='ltr'><strong>non</strong></span> <span class='ocrx_word' id='word_1_200' title='bbox 628 3037 725 3100; x_wconf 74' lang='lat' dir='ltr'><strong>cappa</strong></span> <span class='ocrx_word' id='word_1_201' title='bbox 744 3019 797 3079; x_wconf 82' lang='lat' dir='ltr'><strong>sed</strong></span> <span class='ocrx_word' id='word_1_202' title='bbox 819 3017 928 3089; x_wconf 55' lang='lat' dir='ltr'><strong>mutila</strong></span> <span class='ocrx_word' id='word_1_203' title='bbox 956 3024 989 3080; x_wconf 82' lang='lat' dir='ltr'><strong>et</strong></span> <span class='ocrx_word' id='word_1_204' title='bbox 1016 3018 1111 3099; x_wconf 84' lang='lat' dir='ltr'><strong>pallio</strong></span> <span class='ocrx_word' id='word_1_205' title='bbox 1140 3019 1268 3100; x_wconf 77' lang='lat' dir='ltr'><strong>‹iesuper</strong></span> 
     </span>
     <span class='ocr_line' id='line_1_27' title="bbox 305 3112 1270 3193; baseline 0.004 -21"><span class='ocrx_word' id='word_1_206' title='bbox 305 3115 473 3184; x_wconf 84' lang='lat' dir='ltr'><strong>redimitus,</strong></span> <span class='ocrx_word' id='word_1_207' title='bbox 507 3114 635 3174; x_wconf 88' lang='lat' dir='ltr'><strong>concilio</strong></span> <span class='ocrx_word' id='word_1_208' title='bbox 671 3112 862 3193; x_wconf 79' lang='lat' dir='ltr'><strong>praesidebat.</strong></span> <span class='ocrx_word' id='word_1_209' title='bbox 916 3112 980 3193; x_wconf 77' lang='lat' dir='ltr'><strong>Ego</strong></span> <span class='ocrx_word' id='word_1_210' title='bbox 1015 3114 1111 3193; x_wconf 79' lang='lat' dir='ltr'><strong>igitur</strong></span> <span class='ocrx_word' id='word_1_211' title='bbox 1145 3113 1270 3176; x_wconf 76' lang='lat' dir='ltr'><strong>intuens</strong></span> 
     </span>
     <span class='ocr_line' id='line_1_28' title="bbox 304 3205 1270 3284; baseline 0.004 -18"><span class='ocrx_word' id='word_1_212' title='bbox 304 3225 431 3284; x_wconf 76' lang='lat' dir='ltr'><strong>capuam</strong></span> <span class='ocrx_word' id='word_1_213' title='bbox 453 3206 602 3265; x_wconf 86' lang='lat' dir='ltr'><strong>antistitis</strong></span> <span class='ocrx_word' id='word_1_214' title='bbox 624 3205 845 3273; x_wconf 78' lang='lat' dir='ltr'><strong>Beneventani,</strong></span> <span class='ocrx_word' id='word_1_215' title='bbox 860 3210 891 3265; x_wconf 89' lang='lat' dir='ltr'><strong>et</strong></span> <span class='ocrx_word' id='word_1_216' title='bbox 912 3224 988 3276; x_wconf 81' lang='lat' dir='ltr'><strong>eam,</strong></span> <span class='ocrx_word' id='word_1_217' title='bbox 1009 3211 1046 3265; x_wconf 95' lang='lat' dir='ltr'><strong>ut</strong></span> <span class='ocrx_word' id='word_1_218' title='bbox 1063 3206 1138 3279; x_wconf 82' lang='lat' dir='ltr'><strong>dixi,</strong></span> <span class='ocrx_word' id='word_1_219' title='bbox 1151 3207 1270 3269; x_wconf 73' lang='lat' dir='ltr'><strong>cauri·</strong></span> 
     </span>
     <span class='ocr_line' id='line_1_29' title="bbox 305 3296 1271 3380; baseline 0.006 -24"><span class='ocrx_word' id='word_1_220' title='bbox 305 3304 449 3376; x_wconf 68' lang='lat' dir='ltr'><strong>prusstoro</strong></span> <span class='ocrx_word' id='word_1_221' title='bbox 484 3298 676 3377; x_wconf 79' lang='lat' dir='ltr'><strong>perspiciens,</strong></span> <span class='ocrx_word' id='word_1_222' title='bbox 709 3296 886 3357; x_wconf 61' lang='lat' dir='ltr'><strong>recordatus</strong></span> <span class='ocrx_word' id='word_1_223' title='bbox 914 3315 980 3355; x_wconf 86' lang='lat' dir='ltr'><strong>sum</strong></span> <span class='ocrx_word' id='word_1_224' title='bbox 1011 3296 1172 3359; x_wconf 82' lang='lat' dir='ltr'><strong>vorborum</strong></span> <span class='ocrx_word' id='word_1_225' title='bbox 1200 3318 1271 3380; x_wconf 71' lang='lat' dir='ltr'><strong>qun</strong></span> 
     </span>
     <span class='ocr_line' id='line_1_30' title="bbox 305 3389 1272 3475; baseline 0.007 -26"><span class='ocrx_word' id='word_1_226' title='bbox 305 3409 381 3469; x_wconf 90' lang='lat' dir='ltr'><strong>puer</strong></span> <span class='ocrx_word' id='word_1_227' title='bbox 400 3409 420 3450; x_wconf 90' lang='lat' dir='ltr'><strong>a</strong></span> <span class='ocrx_word' id='word_1_228' title='bbox 440 3390 607 3450; x_wconf 84' lang='lat' dir='ltr'><strong>senioribus</strong></span> <span class='ocrx_word' id='word_1_229' title='bbox 628 3390 761 3452; x_wconf 78' lang='lat' dir='ltr'><strong>ecclesian</strong></span> <span class='ocrx_word' id='word_1_230' title='bbox 789 3395 894 3461; x_wconf 71' lang='lat' dir='ltr'><strong>notras,</strong></span> <span class='ocrx_word' id='word_1_231' title='bbox 921 3389 1029 3451; x_wconf 59' lang='lat' dir='ltr'><strong>&amp;lvio</strong></span> <span class='ocrx_word' id='word_1_232' title='bbox 1049 3390 1167 3455; x_wconf 76' lang='lat' dir='ltr'><strong>seilicet</strong></span> <span class='ocrx_word' id='word_1_233' title='bbox 1186 3411 1272 3475; x_wconf 74' lang='lat' dir='ltr'><strong>mag·</strong></span> 
     </span>
     <span class='ocr_line' id='line_1_31' title="bbox 306 3482 1284 3570; baseline 0.007 -26"><span class='ocrx_word' id='word_1_234' title='bbox 306 3486 397 3547; x_wconf 78' lang='lat' dir='ltr'><strong>nisiae</strong></span> <span class='ocrx_word' id='word_1_235' title='bbox 424 3486 498 3556; x_wconf 86' lang='lat' dir='ltr'><strong>viro,</strong></span> <span class='ocrx_word' id='word_1_236' title='bbox 535 3485 760 3548; x_wconf 76' lang='lat' dir='ltr'><strong>blachemanno</strong></span> <span class='ocrx_word' id='word_1_237' title='bbox 795 3490 889 3565; x_wconf 68' lang='lat' dir='ltr'><strong>atquo</strong></span> <span class='ocrx_word' id='word_1_238' title='bbox 925 3484 1107 3559; x_wconf 74' lang='lat' dir='ltr'><strong>Formanno,</strong></span> <span class='ocrx_word' id='word_1_239' title='bbox 1140 3482 1284 3570; x_wconf 69' lang='lat' dir='ltr'><strong>aliisquo</strong></span> 
     </span>
     <span class='ocr_line' id='line_1_32' title="bbox 306 3579 1272 3646; baseline 0.006 -6"><span class='ocrx_word' id='word_1_240' title='bbox 306 3579 462 3641; x_wconf 87' lang='lat' dir='ltr'><strong>nonnullis</strong></span> <span class='ocrx_word' id='word_1_241' title='bbox 496 3580 569 3641; x_wconf 91' lang='lat' dir='ltr'><strong>olim</strong></span> <span class='ocrx_word' id='word_1_242' title='bbox 607 3581 771 3644; x_wconf 85' lang='lat' dir='ltr'><strong>audieram.</strong></span> <span class='ocrx_word' id='word_1_243' title='bbox 825 3579 973 3643; x_wconf 79' lang='lat' dir='ltr'><strong>Sciebant</strong></span> <span class='ocrx_word' id='word_1_244' title='bbox 1007 3582 1122 3645; x_wconf 64' lang='lat' dir='ltr'><strong>maim</strong></span> <span class='ocrx_word' id='word_1_245' title='bbox 1156 3581 1272 3646; x_wconf 75' lang='lat' dir='ltr'><strong>iidam&#39;</strong></span> 
     </span>
     <span class='ocr_line' id='line_1_33' title="bbox 307 3673 1273 3757; baseline 0.008 -23"><span class='ocrx_word' id='word_1_246' title='bbox 307 3673 516 3736; x_wconf 84' lang='lat' dir='ltr'><strong>memorabiles</strong></span> <span class='ocrx_word' id='word_1_247' title='bbox 531 3674 589 3734; x_wconf 84' lang='lat' dir='ltr'><strong>viri</strong></span> <span class='ocrx_word' id='word_1_248' title='bbox 611 3695 691 3756; x_wconf 71' lang='lat' dir='ltr'><strong>scopa</strong></span> <span class='ocrx_word' id='word_1_249' title='bbox 712 3693 844 3748; x_wconf 82' lang='lat' dir='ltr'><strong>narrare,</strong></span> <span class='ocrx_word' id='word_1_250' title='bbox 865 3676 955 3755; x_wconf 90' lang='lat' dir='ltr'><strong>qnod,</strong></span> <span class='ocrx_word' id='word_1_251' title='bbox 969 3676 1045 3757; x_wconf 81' lang='lat' dir='ltr'><strong>ipsis</strong></span> <span class='ocrx_word' id='word_1_252' title='bbox 1060 3676 1273 3742; x_wconf 69' lang='lat' dir='ltr'><strong>adolooaotin</strong></span> 
     </span>
     <span class='ocr_line' id='line_1_34' title="bbox 307 3765 1273 3853; baseline 0.008 -26"><span class='ocrx_word' id='word_1_253' title='bbox 307 3768 473 3847; x_wconf 86' lang='lat' dir='ltr'><strong>primordia</strong></span> <span class='ocrx_word' id='word_1_254' title='bbox 502 3767 672 3849; x_wconf 77' lang='lat' dir='ltr'><strong>agentibus,</strong></span> <span class='ocrx_word' id='word_1_255' title='bbox 702 3765 815 3828; x_wconf 84' lang='lat' dir='ltr'><strong>Ymma</strong></span> <span class='ocrx_word' id='word_1_256' title='bbox 849 3768 963 3849; x_wconf 78' lang='lat' dir='ltr'><strong>regina,</strong></span> <span class='ocrx_word' id='word_1_257' title='bbox 990 3770 1078 3850; x_wconf 87' lang='lat' dir='ltr'><strong>cujus</strong></span> <span class='ocrx_word' id='word_1_258' title='bbox 1112 3771 1273 3853; x_wconf 71' lang='lat' dir='ltr'><strong>ira-capite</strong></span> 
     </span>
     <span class='ocr_line' id='line_1_35' title="bbox 307 3859 1332 3951; baseline 0.011 -32"><span class='ocrx_word' id='word_1_259' title='bbox 307 3859 400 3939; x_wconf 88' lang='lat' dir='ltr'><strong>hujus</strong></span> <span class='ocrx_word' id='word_1_260' title='bbox 420 3861 520 3940; x_wconf 85' lang='lat' dir='ltr'><strong>operia</strong></span> <span class='ocrx_word' id='word_1_261' title='bbox 542 3859 650 3921; x_wconf 80' lang='lat' dir='ltr'><strong>habita</strong></span> <span class='ocrx_word' id='word_1_262' title='bbox 673 3861 789 3922; x_wconf 86' lang='lat' dir='ltr'><strong>mentio</strong></span> <span class='ocrx_word' id='word_1_263' title='bbox 805 3866 861 3933; x_wconf 71' lang='lat' dir='ltr'><strong>ast,</strong></span> <span class='ocrx_word' id='word_1_264' title='bbox 882 3860 964 3922; x_wconf 79' lang='lat' dir='ltr'><strong>inter</strong></span> <span class='ocrx_word' id='word_1_265' title='bbox 983 3861 1084 3924; x_wconf 80' lang='lat' dir='ltr'><strong>nutu</strong></span> <span class='ocrx_word' id='word_1_266' title='bbox 1103 3861 1185 3927; x_wconf 76' lang='lat' dir='ltr'><strong>bona</strong></span> <span class='ocrx_word' id='word_1_267' title='bbox 1203 3882 1275 3946; x_wconf 72' lang='lat' dir='ltr'><strong>qu</strong></span> <span class='ocrx_word' id='word_1_268' title='bbox 1326 3934 1332 3951; x_wconf 52' lang='grc'><em>,</em></span> 
     </span>
    </p>
   </div>
   <div class='ocr_carea' id='block_1_3' title="bbox 341 4111 1092 4238">
    <p class='ocr_par' dir='ltr' id='par_1_3' title="bbox 341 4111 1092 4238">
     <span class='ocr_line' id='line_1_36' title="bbox 628 4111 1092 4178; baseline 0 -17"><span class='ocrx_word' id='word_1_269' title='bbox 628 4117 644 4161; x_wconf 79' lang='lat' dir='ltr'><strong>b</strong></span> <span class='ocrx_word' id='word_1_270' title='bbox 694 4128 710 4162; x_wconf 83' lang='lat' dir='ltr'><strong>a</strong></span> <span class='ocrx_word' id='word_1_271' title='bbox 845 4111 1092 4178; x_wconf 49' lang='lat' dir='ltr'><strong>‘Malu-m</strong></span> 
     </span>
     <span class='ocr_line' id='line_1_37' title="bbox 341 4172 769 4238; baseline 0.005 -18"><span class='ocrx_word' id='word_1_272' title='bbox 341 4172 769 4238; x_wconf 60' lang='lat' dir='ltr'><strong>&#39;commutamus-p.</strong></span> 
     </span>
    </p>
   </div>
   <div class='ocr_carea' id='block_1_4' title="bbox 0 0 1594 4890">
    <p class='ocr_par' dir='ltr' id='par_1_4' title="bbox 0 0 1594 4890">
     <span class='ocr_line' id='line_1_38' title="bbox 0 0 1594 4890; baseline 0 0"><span class='ocrx_word' id='word_1_273' title='bbox 0 0 1594 4890; x_wconf 95' lang='lat' dir='ltr'><strong> </strong></span> 
     </span>
    </p>
   </div>
  </div>
 </body>
</html>
