3150 4994
195 506 200 515 ·
272 471 332 532 326
511 486 554 532 na
575 484 649 531 vrri
672 485 710 529 ur
730 483 992 530 criurumunouu

271 663 287 688 ‘⁴
309 653 441 715 volunt”
483 655 555 715 Post
581 653 646 716 brec
667 655 835 724 Anuclmue
857 659 893 714 ut
919 660 1031 715 onem
1058 652 1229 714 dilectionis

272 768 380 808 munuc
400 747 480 828 quod
503 748 574 809 vivo
595 747 784 827 impenderat
804 755 923 808 mortuo
943 766 1005 808 uon
1025 751 1230 827 negaretque

271 843 420 922 integrum
450 861 564 902 annum
594 843 676 902 omni
705 842 754 902 die
786 842 907 902 misaam
943 861 998 921 pro
1031 841 1133 902 anima
1163 841 1229 920 ejus

270 934 439 996 celebravit
492 934 579 1009 Quod
610 935 634 993 ai
667 934 831 1014 aliquando
859 953 879 994 a
907 932 1106 995 celebratione
1134 933 1228 1014 ipaiua

270 1026 448 1089 uaeramcnti
472 1025 700 1107 impediebatur,
721 1047 772 1086 coa
792 1025 845 1108 qui
868 1027 973 1087 ruimus
997 1025 1161 1105 familiares
1176 1026 1227 1086 de·
1241 1033 1363 1087 'tm

271 1120 383 1183 belant
402 1141 487 1182 arram
509 1140 563 1201 pro
583 1120 686 1181 anima
707 1120 808 1180 fratria
830 1121 950 1181 ulianam
971 1120 1069 1182 dicere
1091 1119 1229 1192 iaciebat,

270 1220 302 1276 el
323 1216 385 1296 ipae
407 1216 511 1275 tribuae
531 1234 634 1275 eorum
656 1213 729 1273 dum
750 1221 954 1294 oppurtunum
980 1222 1046 1275 erat
1065 1219 1137 1276 anto
1158 1214 1229 1274 mia·

270 1329 333 1368 uam
361 1309 407 1367 arri
436 1307 570 1369 defuncti
599 1307 660 1367 nlia
687 1308 778 1367 miuua
799 1307 997 1388 persolvebat
1041 1307 1149 1387 ltaque
1177 1327 1231 1389 per

269 1401 402 1483 singulm
431 1402 495 1463 dica
524 1401 619 1462 toliuu
650 1401 732 1470 anni,
762 1408 817 1462 arri
848 1402 911 1482 ipuc
942 1421 996 1480 pro
1026 1399 1078 1461 illo
1108 1400 1230 1462 misaam

269 1494 443 1568 celebravit,
466 1503 522 1556 aut
548 1494 588 1555 ab
615 1494 676 1556 alio
707 1494 888 1556 celebratum
909 1494 970 1554 alia
990 1495 1082 1556 miaaa
1109 1499 1231 1556 mutua·

271 1594 321 1650 tua
355 1596 408 1652 ent
464 1590 562 1670 Super
596 1588 660 1651 laec
697 1589 795 1649 mimia
829 1589 1061 1668 circumquaque
1095 1589 1231 1669 epiutolia

179 1738 182 1743 .
271 1703 325 1764 pro
354 1683 457 1746 anima
478 1683 524 1744 uui
554 1683 681 1744 Oabcrni
714 1681 865 1745 orationes
894 1682 958 1744 lieri
980 1682 1079 1764 petiit,
1099 1688 1132 1744 ct
1151 1683 1231 1744 obti-

270 1779 345 1838 nuit
389 1779 464 1840 Hrec
492 1778 601 1838 iratres
630 1777 777 1848 videntca,
805 1783 837 1837 et
864 1777 1029 1837 uoconliarn
1056 1777 1104 1836 aui
1132 1776 1231 1837 cordia

270 1870 490 1952 redarguentes,
504 1891 535 1931 uc
557 1871 679 1931 rniueroa
700 1876 732 1931 et
753 1869 897 1941 inielicec,
915 1869 1085 1930 Oubemum
1107 1869 1229 1931 boatum

269 1966 434 2045 pradicant
453 1985 488 2027 ac
509 1965 634 2035 felicem,
655 1965 707 2045 qui
730 1964 821 2026 talem
843 1985 984 2036 amorem,
1005 1965 1097 2026 talem
1118 1965 1232 2027 meruit

269 2059 419 2120 iuvenisse
440 2058 677 2119 subventionem.
721 2059 766 2118 Ex
796 2058 852 2120 lroe
879 2078 950 2139 ergo
977 2057 1089 2138 aiugmli
1117 2057 1231 2137 quiquo

268 2170 388 2233 corpora
417 2159 449 2213 et
479 2152 580 2214 animo
610 2173 642 2214 ae
674 2152 810 2213 subdunt
839 2152 992 2224 dunelmo,
1012 2151 1169 2233 cupientes
1196 2152 1230 2213 in

267 2247 430 2308 urricitiam
465 2247 531 2327 ejus
565 2247 756 2308 hereditario
785 2248 855 2324 juro
892 2246 1049 2308 succedere
1084 2245 1229 2307 Oaberno

267 2338 310 2398 ut
339 2339 389 2399 illc
421 2339 452 2399 in
491 2340 684 2402 conversione
717 2337 870 2420 ἰριοιιιιιι1
892 2339 959 2401 Deo
985 2338 1100 2421 gratian
1135 2357 1230 2420 agana

265 2431 404 2494 oumibua
425 2432 527 2495 omnia
547 2433 647 2498 iactuu
668 2435 734 2506 cut,²
755 2441 792 2496 ut
811 2453 916 2497 omnen
936 2434 1048 2496 iaceret
1066 2432 1173 2495 calvoa

307 2527 346 2586 xi.
383 2527 588 2588 Veruntamen
639 2528 880 2589 adolescentibus
921 2533 1014 2606 atque
1062 2527 1230 2607 juvenibus

267 2619 418 2698 precipua
448 2638 519 2680 cura
554 2620 739 2690 intendebat,
774 2628 806 2680 et
841 2620 1066 2700 inquirentibus
1099 2621 1138 2681 do
1172 2618 1230 2682 hoo

267 2713 413 2772 rationem
447 2713 505 2783 cub
538 2714 677 2793 exemplo
708 2714 861 2774 reddebat
918 2715 1123 2795 Coruparabat
1152 2736 1229 2779 cene

262 2803 386 2881 juvenis
416 2814 546 2875 ataleni,
579 2825 648 2884 quie
673 2805 712 2866 ad
741 2806 965 2867 informandum
993 2807 1127 2888 aigiilunr
1156 2817 1229 2891 apto

266 2902 313 2957 eut
334 2904 508 2979 temperata.
560 2898 666 2959 “Nam
692 2900 718 2959 ci
743 2899 836 2969 cera,”
867 2901 976 2981 inquit,
1005 2902 1122 2962 “nimia
1150 2902 1229 2966 dura

267 3000 282 3023 ‘¹
304 2992 351 3054 vel
373 2992 472 3054 mollis
493 2994 594 3065 fuerit,
615 2994 715 3075 rigillo
737 2996 882 3075 impreaaa
902 2997 968 3075 ejus
993 2996 1121 3076 figuram
1143 2998 1175 3058 in
1196 3020 1228 3060 ao
1319 3029 1337 3057 ο.

268 3090 283 3116 ‘¹
304 3104 493 3165 nequaquam
527 3087 566 3146 ad
601 3087 722 3166 plenum
751 3089 864 3168 recipit
922 3089 954 3149 Si
977 3107 1048 3149 vero
1069 3109 1107 3150 cx
1136 3092 1228 3151 utria-

268 3183 285 3210 ‘'
304 3198 371 3258 que,
391 3180 505 3240 duritia
531 3181 645 3242 scilieet
679 3189 772 3263 atquo
797 3182 933 3254 mollitie,
956 3183 1085 3246 discreto
1112 3183 1228 3248 habena

270 3280 285 3304 ¹·
305 3275 404 3353 sigillo
426 3275 616 3354 inprimitur;
637 3285 711 3339 terne
732 3278 830 3339 sonna
851 3278 944 3359 sigilli
967 3278 1091 3340 omnino
1113 3283 1227 3360 percpi·

269 3372 284 3398 ’·
306 3386 362 3426 cua
381 3375 413 3427 et
434 3369 551 3448 integra
575 3370 718 3429 redditur.
761 3371 812 3432 Sic
836 3378 883 3431 eut
906 3371 940 3431 in
964 3371 1108 3432 nitatibus
1132 3371 1228 3433 homi·
1264 3444 1268 3453 ι

270 3465 285 3491 ··
306 3479 386 3521 nuni.
428 3459 537 3522 Videas
557 3461 709 3523 hominem
735 3463 767 3524 in
788 3465 925 3527 vanitate
949 3463 1041 3546 hujus
1065 3465 1169 3529 netuli
1188 3468 1229 3532 ab

270 3563 285 3586 '¹
307 3555 436 3616 infantia
459 3576 554 3637 usque
576 3558 616 3618 ad
644 3558 825 3638 profundam
853 3567 1228 3626 aenoetunnconvona·

270 3655 286 3678 “
308 3655 380 3716 turn,
402 3648 465 3707 oola
488 3653 607 3709 terrena
629 3651 806 3730 capientem,
830 3659 863 3713 et
890 3652 923 3713 iu
951 3650 999 3713 hia
1026 3653 1150 3734 penitus
1176 3656 1228 3716 ob

270 3747 287 3771 ‘³
307 3739 455 3800 duratum.
509 3741 586 3802 Cum
614 3742 670 3806 boc
697 3765 752 3826 ago
780 3745 818 3808 da
842 3744 1062 3828 spiritualibus,
1089 3744 1161 3810 huic
1187 3747 1226 3810 dc

271 3835 477 3897 “subtilitate
504 3839 765 3918 contemplationis
792 3840 907 3903 divium
930 3841 1059 3923 loquere,
1079 3839 1162 3906 buno
1180 3865 1227 3907 ue·

268 4075 568 4145 stou-mnu.
742 4084 749 4146 t
791 4084 993 4153 'aluei-u
