3136 4890
215 421 275 484 138
425 433 575 483 rrrsroan
595 432 754 482 uovosmr
775 434 811 482 ns
831 429 959 482 arona

76 614 189 662 turm
214 607 327 668 tionem
360 607 454 688 virgeo
488 607 649 688 pectoralis
685 605 729 666 eis
763 605 932 667 investiret.
975 603 1039 667 Cur
1071 609 1176 667 autem

214 698 294 763 hano
313 701 394 762 tanti
415 699 488 761 doni
508 700 692 780 dignitatem
713 698 741 761 ci
761 718 817 781 per
832 704 925 762 carue
946 699 1176 780 inscriptionem

215 793 347 854 uoluerit
368 792 514 872 delegare,
535 813 601 853 eam
630 792 769 853 serebant
795 811 917 854 eausam
938 811 1012 863 esse,
1034 792 1177 853 videlicet

214 904 261 956 nc,
282 885 315 945 in
343 883 472 945 eliorum
503 884 647 947 notitiam
679 884 850 965 principum
871 881 999 966 perlata,
1021 884 1080 966 ipsi
1108 904 1176 946 earn

214 979 272 1039 sibi
306 983 498 1058 usurparent,
533 978 665 1039 Romani
700 978 853 1058 pontificis
886 977 1072 1040 auctoritate
1105 989 1313 1041 eon-utana

213 1075 337 1150 tempta
378 1070 427 1130 Ad
449 1069 514 1133 haec
534 1089 603 1133 cum
625 1067 667 1129 ii¹
690 1070 742 1150 qui
763 1090 802 1131 ex
823 1072 911 1150 parte
932 1067 1070 1130 Ansolmi
1091 1068 1176 1131 missi

213 1163 334 1225 inerant
354 1163 427 1224 vivo
447 1183 520 1227 voco
541 1169 735 1237 meterentur,
757 1184 868 1245 popam
895 1162 939 1224 nil
961 1163 1088 1226 cuilibet
1108 1183 1176 1224 ver·

214 1257 260 1316 bis
292 1257 451 1317 mendasse
479 1256 561 1336 qnod
592 1255 706 1318 litteris
735 1255 931 1335 aliquatenus
954 1254 1176 1328 adversaretur,
1225 1245 1229 1250 ’

213 1347 389 1428 objecerunt
419 1348 552 1430 episcopi
583 1369 616 1412 se
646 1348 724 1411 clam
759 1347 819 1410 illis
846 1347 909 1410 elia
936 1346 1041 1430 egisse,
1073 1347 1176 1430 palem

214 1442 282 1503 elia
325 1442 414 1516 Quod
436 1443 608 1503 Beiduinus
629 1443 764 1514 audiens,
785 1449 818 1503 et
838 1443 982 1503 infamem
1003 1443 1177 1521 apostolicoe
1302 1511 1306 1523 Ι

214 1535 294 1596 sedis
318 1534 555 1596 inconstantiam
583 1554 652 1615 qum
674 1534 841 1595 notabatur
861 1534 1013 1596 sustinere
1037 1555 1100 1595 non
1123 1554 1178 1596 va·

215 1627 289 1700 lens,
318 1648 375 1700 eos,
403 1627 486 1705 sieut
512 1633 578 1690 erat
609 1629 721 1709 spiritu
751 1627 873 1691 servem
901 1633 934 1690 ct
961 1627 1033 1689 boni
1061 1648 1176 1701 amane,

215 1720 354 1784 nonnihil
383 1722 477 1783 etiarn
510 1721 543 1782 in
572 1722 744 1783 istiusmodi
769 1722 859 1785 dictis
892 1727 1000 1784 contra
1026 1721 1118 1783 fidem
1145 1727 1177 1783 ct

215 1820 402 1889 sacramenta
430 1834 498 1895 qum
526 1835 558 1876 se
585 1834 686 1877 corum
714 1816 818 1877 Romm
846 1815 983 1877 fecerent
1012 1814 1177 1896 apostolico

215 1929 303 1988 agere
319 1908 522 1969 calumniatus
539 1914 594 1969 cst.
637 1908 714 1968 Orto
738 1907 835 1986 igitur·
857 1908 1006 1968 dissentio
1030 1928 1092 1969 non
1114 1928 1177 1969 rno-

214 2002 283 2064 dien
296 2002 377 2062 inter
391 2006 492 2081 portes
515 2004 569 2061 est.
613 1997 679 2059 111¹
699 1999 813 2061 etenim
835 1998 972 2063 astruere
989 2000 1177 2077 nitebantur,

215 2103 330 2160 semoto
365 2095 526 2156 verborum
560 2095 685 2167 incerto,
712 2095 833 2175 scriptis
863 2094 964 2177 sigillo
995 2116 1083 2178 popm
1116 2097 1177 2177 sig·

215 2192 296 2252 natis
326 2189 485 2268 verbisque
521 2187 705 2249 monachicis
734 2187 859 2250 omnino
889 2188 1094 2264 credendum3
1128 2188 1176 2250 illi

215 2289 340 2347 econtra
360 2282 454 2344 trium
475 2281 579 2364 potius
599 2282 806 2364 cpiscoporum
835 2282 1054 2345 assertionibus
1082 2303 1176 2365 qnam

216 2397 375 2440 vervecum
415 2374 547 2455 pellibus
583 2383 754 2436 ntrarnento
789 2376 957 2454 denigratis
998 2377 1177 2456 plumbique

179 2521 181 2526 .
215 2468 347 2529 mamula
373 2466 505 2528 oneratis
535 2466 599 2530 lore
627 2466 802 2538 cedendum,
826 2467 946 2546 abjecto
974 2468 1176 2532 monachello-

214 2584 282 2624 rum
310 2560 494 2632 testimonio‚
516 2562 569 2641 qui
593 2561 644 2621 ubi
668 2560 780 2623 sreculo
803 2581 834 2621 so
862 2561 1080 2625 abrenunciare
1107 2583 1175 2644 pro·

141 2720 146 2732 ,
215 2660 285 2720 lessi
313 2664 395 2729 aunt,
423 2657 564 2726 “omne'’
592 2658 746 2734 inquiunt,
775 2655 950 2716 “smculsrie
974 2659 1090 2737 nogotii
1116 2667 1176 2719 tes·

216 2760 231 2785 '‘
253 2751 414 2813 timonium
439 2747 664 2834 perdiderunt.”
705 2748 792 2810 “Aac
815 2747 896 2819 hoe,”
925 2749 971 2811 eit
998 2751 1177 2825 Balduinus,

216 2854 231 2879 ‘⁴
252 2845 408 2924 negotium
432 2843 574 2903 saeeularc
602 2862 665 2903 non
696 2840 770 2902 est.’'
822 2841 929 2911 Aiunt,
958 2843 1026 2902 “Bt
1053 2845 1176 2921 quidem

214 2944 232 2970 “
253 2944 284 2998 to
309 2936 408 2996 virum
434 2935 614 3016 prudentem
640 2941 673 2995 et
694 2939 852 2995 strenuum
874 2933 1007 3008 seimus;
1029 2935 1084 2996 sed
1112 2937 1177 3016 ipso

216 3037 232 3063 ‘⁴
251 3029 324 3092 ordo
345 3027 522 3110 expostulet
544 3033 581 3088 ut
602 3027 861 3107 archiepiscopum
885 3047 979 3088 unum
1004 3029 1178 3108 pontifices·

216 3131 231 3157 ‘⁴
253 3144 310 3203 quo
335 3124 410 3183 duos
439 3123 560 3201 majoris
588 3122 756 3182 testimonii
785 3141 877 3201 quam
908 3127 939 3182 tc
967 3140 1032 3182 esse
1058 3122 1178 3202 judiee-

217 3222 232 3250 ‘⁸
253 3205 344 3279 mus.”
373 3215 436 3278 “Et
456 3217 493 3278 do
507 3214 706 3288 litterarum,”
720 3206 831 3295 inquit,
847 3214 1046 3279 “testimonio
1063 3216 1177 3298 quidt’·

204 3301 455 3391 Responderunt,
478 3319 493 3343 ‘⁸
502 3309 724 3370 Testimonium
745 3308 960 3370 monachorum
985 3317 1092 3371 eontra
1115 3312 1177 3390 epi·
1221 3349 1228 3362 ·

216 3410 233 3435 ⁸‘
253 3421 357 3482 scopos
381 3420 442 3462 non
465 3401 635 3481 recipimus,
654 3407 687 3462 et
708 3401 808 3463 ovina
827 3401 915 3482 pellis
933 3401 1177 3484 reciperensusl”

215 3502 233 3531 ‘⁸
254 3493 317 3570 Vre,
340 3494 420 3568 vre,''=
440 3495 530 3557 aiunt
556 3496 595 3555 ad
624 3494 684 3557 ista
710 3495 842 3576 quilibet
870 3496 1012 3578 religiosi,
1040 3496 1177 3561 “Nonne

217 3599 234 3625 '⁸
254 3596 287 3654 ot
310 3589 468 3671 evangelie
495 3589 625 3669 pellibus
652 3589 753 3652 ovinis
777 3590 1009 3653 inscribunturl
1050 3592 1077 3654 0
1105 3591 1178 3655 hine
1303 3625 1305 3628 ·

144 3754 154 3768 ‚
216 3682 420 3748 “simultatis
442 3684 562 3746 detecta
577 3680 738 3746 eoulusio.”
781 3683 864 3760 Quid
885 3685 919 3746 in
942 3684 992 3746 his
1016 3683 1311 3775 Anselmnsssm

217 3786 329 3862 egem,
353 3797 415 3861 qno
436 3798 469 3839 ee
496 3783 637 3853 verteret,
664 3777 843 3857 aliquandiu
871 3779 1034 3841 dubitavit
1076 3781 1177 3843 Grave

248 4007 392 4073 *erue
693 4006 699 4068 ι
739 3992 926 4072 ’neutra
