3150 4994
265 569 304 630 96
418 542 422 553 ’
477 580 625 628 urs-roura
645 579 802 629 soroamr
823 581 858 627 ns
878 580 1005 628 asenna

126 765 239 811 anm
262 751 310 813 sui
329 753 481 815 adventus
502 771 594 816 eausa
612 751 779 832 requisitus
808 749 926 824 luisset,
945 772 982 815 eo
1001 749 1087 812 illam
1108 748 1215 813 ordine

110 836 369 972 muratum
388 865 449 924 quo
469 847 501 905 in
522 845 671 926 epistola¹
692 865 784 926 quarn
804 865 824 906 a
844 845 1004 925 Lugduno,
1018 855 1055 905 ut
1075 843 1219 913 diximus,
1308 894 1310 897 .

109 928 204 1020 ’ἐξ
262 938 291 1002 ai
310 939 465 1009 direxit,
456 959 552 1020 ipsam
572 939 706 1021 digessit
759 940 858 1001 Audit
888 939 940 1000 ille
971 958 1041 1019 quoe
1070 938 1219 1007 feriuntur,

260 1039 293 1096 st
311 1033 543 1097 subventionem
564 1033 733 1114 pollioetur
774 1032 891 1096 Scribit
921 1032 1042 1093 litteras
1063 1029 1218 1092 Willolmo

261 1127 323 1206 regi
358 1126 528 1207 Anglioe,
520 1146 553 1186 ιιι
581 1126 693 1205 quibus
725 1131 762 1188 ut
792 1147 840 1187 res
870 1125 1011 1186 Anselmi
1042 1123 1192 1186 liberes
1183 1142 1218 1184 ιιι

261 1237 353 1299 regno
372 1239 428 1280 suo
454 1218 575 1290 iaosret,
595 1238 631 1281 aa
650 1219 689 1280 de
709 1219 772 1280 suis
803 1218 944 1281 omnibus
973 1217 1061 1278 illum
1092 1215 1219 1278 revesti·

124 1312 131 1324 '
261 1317 317 1385 rot,
347 1317 458 1385 monet,
477 1311 626 1390 hortatur,
647 1312 785 1394 imperat
835 1311 951 1375 Scribit
970 1331 1090 1394 quoque
1110 1309 1219 1372 ansel·

261 1425 329 1466 mus
362 1407 420 1468 sub
454 1406 560 1468 eadem
594 1408 723 1468 materia
757 1408 886 1478 litteras,
914 1414 948 1468 et
978 1426 1031 1468 eas
1059 1425 1122 1467 una
1149 1424 1219 1467 oum

188 1494 196 1506 '
230 1527 233 1536 ·
261 1497 372 1559 litteris
386 1517 472 1579 papae
493 1498 551 1579 ipsi
572 1499 635 1580 regi
656 1498 799 1559 destinat.
835 1499 1003 1558 Mansimus
1022 1517 1094 1578 ergo
1115 1498 1220 1557 Βοιιιω

260 1588 363 1652 decem
403 1590 519 1662 diebus,
560 1589 592 1650 iu
635 1589 749 1669 palstio
791 1590 989 1653 Lateranensi
1029 1609 1097 1652 oum
1140 1608 1220 1669 popa

260 1682 298 1744 do
320 1690 413 1745 entes.

186 1784 245 1828 δῶ·
299 1705 435 1837 ξἰιοοιιιι
454 1795 489 1838 so
509 1782 645 1855 temporo
665 1776 760 1836 abbas
781 1777 904 1857 quidam
918 1776 1075 1837 Johannos
1095 1775 1219 1836 nomino

189 1831 235 1917 ἓ
260 1867 397 1928 ooenobio
439 1864 564 1929 Sanoti¹
597 1866 773 1940 Salvatorls
807 1867 888 1946 quod
922 1887 1014 1948 prope
1048 1867 1219 1929 Telesinam
1231 1876 1304 1930 m

161 1921 367 2022 ⁸⁸⁸⁶urbom
401 1960 494 2021 situm
525 1965 578 2021 est.
631 1959 692 2034 Qui
720 1958 884 2032 Johsnnes,
915 1960 1071 2022 Romnum
1099 1980 1220 2044 genere,

261 2055 473 2116 disoendarum
507 2054 612 2114 studio
646 2055 863 2114 litterarum'
848 2075 914 2133 Jsm
950 2055 1023 2117 olim
1059 2055 1219 2118 Franciam

262 2153 395 2218 uouerat,
426 2145 528 2225 ibique
562 2145 645 2205 larua
687 2151 842 2223 permotus
871 2146 1020 2218 Ansolmi,
1054 2150 1108 2228 qui
1143 2154 1220 2210 tuno
1308 2139 1311 2143 ’

262 2238 349 2301 Beoei
382 2239 477 2299 abbas
512 2243 587 2312 erat,
619 2257 689 2298 eum
725 2238 880 2318 religionis
911 2241 1066 2320 proposito
1097 2241 1220 2304 servem

262 2332 347 2404 adiit,
367 2351 462 2412 eoque
481 2331 589 2392 audito
609 2331 698 2393 Βοωὶ
727 2333 892 2394 monachus
912 2333 1012 2394 iaetus
1033 2338 1087 2395 est
1129 2335 1219 2410 Quod

262 2425 314 2485 ubi
335 2432 404 2504 post
422 2424 540 2504 aliquot
559 2444 655 2484 annos
676 2424 715 2484 ad
735 2443 824 2485 aures
843 2427 954 2485 summi
985 2427 1139 2506 pontilicis
1159 2429 1220 2490 Ur·
1241 2448 1247 2461 ·

146 2555 173 2587 .·
260 2515 330 2576 bani
352 2517 500 2597 pervenit,
514 2515 717 2578 «iohannem
709 2537 808 2597 ipsum
829 2519 868 2578 ad
889 2539 921 2580 so
941 2521 1121 2581 aooersitum
1143 2541 1219 2601 prae·
1320 2579 1325 2588 .

162 2623 167 2633 ·
260 2607 315 2670 lati
332 2610 462 2672 eoeuobii
483 2610 625 2671 abbatem
646 2610 725 2671 lecit
768 2611 829 2673 Hie
850 2612 960 2692 itaque,
980 2612 1086 2693 agnito
1103 2619 1220 2724 patratu

214 2695 217 2703 ’
259 2723 348 2764 suum
377 2704 556 2764 Ansolunum
578 2704 705 2764 Romam
727 2706 855 2776 vonisse,
876 2707 977 2766 missis
997 2707 1116 2768 nunciis
1137 2709 1220 2768 omni

259 2797 361 2858 studio
381 2797 561 2877 deprecatus
582 2801 638 2868 est,
659 2798 805 2878 quatinus
825 2799 864 2858 ad
886 2819 918 2860 so
938 2799 1052 2871 venire,
1072 2802 1196 2880 atque
1187 2821 1220 2862 ιιι

259 2909 314 2951 sua
333 2890 464 2970 quadam
493 2890 651 2951 mansione
683 2891 730 2953 eui
762 2891 891 2952 salubris
920 2912 996 2955 aura
1026 2893 1161 2967 iavobat,
1181 2895 1221 2957 sd

259 2988 417 3050 evitandas
445 2987 591 3047 Βοωιιιιιιι
621 2987 706 3048 urbis
737 2989 934 3068 aegritudines
964 2991 1093 3051 instanti
1113 2991 1221 3072 ‹ligna-
1285 2997 1289 3007 '

260 3085 344 3139 retur
370 3087 475 3141 testate
504 3081 684 3141 conversari.
727 3080 846 3154 Quibus
867 3082 918 3142 ille
939 3084 1062 3154 auditis,
1081 3095 1221 3164 supernus

138 3229 144 3241 ,
261 3173 367 3253 pietati
399 3193 434 3235 ae
463 3174 604 3235 fraternus
625 3174 823 3235 sollicitudini
852 3177 967 3256 gratias
996 3178 1067 3258 egit
1088 3196 1222 3238 summo·

240 3282 319 3341 ¹que
348 3265 482 3344 pontifici
513 3267 624 3326 relatas
654 3285 756 3345 praees
784 3267 931 3329 innotuit
973 3268 1018 3329 At
1047 3269 1107 3340 ille,
1140 3268 1220 3341 ·0‚'·

261 3353 370 3436 lnquit
391 3356 538 3420 “Divinos
559 3358 762 3422 miserationis
790 3358 1026 3441 praedestinatio.
1069 3360 1146 3425 Vero
1175 3367 1220 3424 et·

261 3458 277 3484 ·‘
297 3451 378 3511 erum
412 3452 561 3530 praemisit
594 3452 678 3514 Deus
713 3453 828 3533 Joseph
864 3454 898 3515 in
927 3454 1120 3536 AEgyptum⁸
1147 3463 1221 3519 ante

260 3545 278 3575 '¹
297 3541 393 3602 Jacob
414 3550 528 3621 patrem
556 3563 653 3606 suum.
695 3545 889 3625 Quapropter
920 3546 993 3610 lieet
1019 3548 1123 3609 omnia
1153 3567 1221 3628 qua

261 3641 278 3667 ‘¹
298 3634 395 3697 habeo
429 3636 500 3707 tuis,
534 3643 640 3718 utpote
675 3638 733 3700 viri
770 3644 896 3720 propter
931 3639 1088 3720 justitiam
1125 3660 1221 3704 neone
1318 3671 1320 3676 ·

262 3732 279 3762 ⁴⁸
299 3727 389 3789 Beati
420 3729 501 3791 Petri
531 3730 711 3793 fidelitatem
739 3733 903 3804 exulantis.
931 3737 1138 3814 proposuerim
1168 3755 1222 3798 ns·
1297 3773 1303 3782 -

261 3825 278 3855 ‘¹
296 3820 493 3882 eomitatibus
520 3823 691 3897 servitum
719 3829 833 3898 tamen
853 3825 927 3905 quia
946 3825 1032 3886 urbis
1059 3826 1150 3888 istius
1169 3837 1233 3889 aar.

292 4087 635 4228 :Wlfflin
790 4093 1086 4162 mmmm,
1096 4095 1149 4148 rsa
