3150 4994
265 543 326 607 106
479 557 627 606 nereum
648 557 806 605 uovouuu
826 557 862 604 rs
883 556 1010 607 susus

10 760 11 764 ¹
116 748 237 796 nm
262 730 412 793 universis
439 731 471 792 in
493 730 576 792 edito
597 735 682 790 stens
704 730 748 792 sie
768 727 806 791 do
829 728 960 809 negotio,
981 732 1106 809 regente
1125 732 1230 791 eor-ot

262 824 397 906 lingusm
418 824 484 904 ejus
505 823 622 904 Spiritu
645 822 765 895 Seneto,
787 822 941 894 trectnvit,
954 821 1107 896 disseruit,
1128 821 1230 884 ubsol-

261 919 317 992 vit,
337 924 373 980 ut
393 918 425 979 in
446 919 512 998 ipse
542 923 695 980 conventu
725 937 814 979 neme
835 918 980 979 existeret
999 916 1052 998 qui
1073 935 1135 978 nen
1157 916 1228 979 inde

138 1088 141 1094 y
261 1011 319 1072 sibi
353 1010 543 1073 satisfactum
574 1010 765 1073 consentiret
815 1010 876 1072 Sed
907 1010 1019 1090 quibus
1041 1009 1106 1083 ,hoe
1136 1029 1228 1091 ergu-

261 1103 380 1177 mentis,
400 1103 511 1184 quibus
532 1103 710 1177 retienibus,
730 1104 879 1185 quibusve
909 1103 1032 1166 Divinro
1061 1104 1227 1185 Scriptum

182 1235 193 1253 s
259 1198 494 1260 suctoritetibus
513 1202 546 1259 et
560 1196 706 1278 excerptis
727 1199 831 1280 egerit,
846 1197 973 1259 scribere
989 1197 1227 1278 supersedemus,

259 1312 296 1355 eo
315 1291 397 1372 quod
418 1292 545 1372 ipsemet
575 1291 738 1353 Amelmus
768 1290 962 1372 postmodum
997 1292 1069 1353 inde
1097 1291 1227 1372 diligen·

259 1386 323 1449 tius
348 1391 441 1466 etque
471 1385 614 1446 subtilius
643 1390 776 1447 tmeteus
807 1385 961 1466 egregium
992 1404 1068 1464 epus
1097 1384 1225 1464 scripsit,
1294 1446 1296 1448 ,

260 1479 351 1560 idque
385 1496 439 1563 per
472 1478 570 1540 multe
597 1484 746 1541 terrerum
774 1478 841 1541 loeo
867 1478 920 1539 ubi
955 1478 1089 1559 ejusdem
1117 1477 1226 1539 erroris

190 1585 196 1596 '
261 1572 344 1635 ierne
366 1572 507 1654 pervenit
534 1573 574 1635 eb
603 1573 710 1635 amieis
741 1573 804 1634 suis
834 1576 959 1652 rogetus
980 1571 1102 1632 direxit.
1143 1571 1224 1651 Ergo

260 1666 315 1727 ubi
335 1665 426 1728 finem
446 1665 566 1727 dieendi
587 1665 667 1736 feeit,
681 1665 841 1727 intendens
856 1664 888 1724 in
903 1684 972 1725 eum
992 1682 1128 1725 summus
1149 1683 1223 1744 pen·

259 1760 337 1821 tifex
357 1762 410 1838 nit,
438 1768 453 1793 ‘⁴
465 1759 663 1822 Benedictum
684 1760 726 1820 sit
744 1779 795 1821 cer
815 1763 847 1821 et
866 1778 972 1819 sensus
992 1763 1072 1830 tuus,
1086 1764 1118 1819 et
1137 1777 1170 1819 es
1191 1760 1225 1820 et

259 1861 276 1888 ‘⁴
296 1872 394 1914 sermo
414 1853 474 1914 oris
495 1853 542 1912 tui
562 1853 604 1914 sit
633 1852 816 1914 benedictus
818 1851 834 1874 ”
876 1851 958 1912 Hinc
987 1853 1020 1912 in
1052 1851 1141 1913 leudo
1163 1851 1224 1912 viri

259 1945 448 2009 demoratum
469 1951 523 2017 est,
537 1951 569 2007 et
589 1945 663 2007 fides
683 1947 749 2025 ejus
769 1950 862 2025 eupuo
882 1944 1045 2025 prudentie
1065 1944 1225 2024 divulgato

259 2059 296 2103 ec
314 2040 515 2131 mugniticste,
538 2058 654 2100 necnon
676 2058 778 2100 eorum
799 2037 972 2119 perfidio,
947 2039 1027 2117 siqui
1050 2038 1156 2109 forent,
1170 2040 1224 2118 qui

259 2152 296 2195 cs
315 2154 383 2215 quse
404 2134 441 2194 do
461 2126 616 2214 preposite
636 2133 804 2213 quaestione
818 2130 923 2194 docuit
943 2132 1094 2213 suscipere
1114 2137 1147 2194 et
1159 2153 1223 2195 cre·
1234 2140 1355 2197 mm·

260 2227 329 2290 dem
354 2227 477 2299 nollent,
501 2228 682 2308 exprobrato
701 2247 737 2291 ee
757 2233 903 2310 perpetue
934 2226 1129 2291 onethemste
1156 2248 1226 2310 per·

259 2342 346 2385 eusss
365 2328 456 2402 nupue
478 2327 637 2403 prestrete.
1298 2397 1300 2401 Α

159 2432 234 2510 εὖ.
300 2415 482 2478 Proeedente
502 2415 644 2495 deinceps
658 2415 785 2486 retione,
799 2414 837 2475 de
851 2434 920 2496 rege
939 2411 1108 2495 Anglorum
1129 2434 1227 2478 sermo

161 2509 434 2604 &beonredus
447 2513 480 2570 et
493 2509 617 2570 sinistre
638 2508 778 2587 quedem
800 2508 838 2568 de
868 2509 933 2588 ipso
964 2508 1086 2589 publice
1117 2511 1228 2590 prtedi·
1288 2516 1290 2520 ‘

258 2603 386 2675 cuntur,1
411 2603 556 2664 Anselmo
589 2603 670 2662 inter
703 2602 756 2663 ills
777 2602 906 2662 demisso
930 2601 1020 2662 vultu
1041 2604 1164 2665 sedente
1195 2610 1228 2667 ct

258 2698 416 2777 loquentes
447 2695 532 2756 nulle
553 2695 657 2756 severe
687 2700 893 2774 prosequente.
935 2693 1070 2755 Tandem
1094 2696 1131 2758 de
1153 2717 1226 2759 ven·

148 2847 152 2852 .
258 2790 374 2851 ditione
388 2796 420 2853 et
444 2789 635 2871 oppressione
659 2789 861 2860 ecelesierum,
875 2787 913 2849 de
934 2788 1044 2867 quibus
1066 2791 1145 2851 inter
1165 2793 1227 2855 elin

179 2955 182 2964 Ι
258 2885 496 2968 vituperabatur,
518 2904 612 2946 necue
633 2884 670 2944 de
693 2883 812 2963 injuriis
826 2882 971 2946 Ansolmo
992 2883 1085 2945 illotis
1105 2894 1226 2967 sposto-
1297 2948 1300 2956 ,

53 3029 57 3038 .
132 3030 137 3036 .
259 2981 334 3042 tieus
361 2980 470 3042 aeriter
504 2984 629 3057 questus
664 2983 720 3047 est,
742 2976 865 3052 “Quem
901 2977 1087 3058 propteres,''
1115 2979 1224 3060 inquit,

258 3076 376 3136 ”etim
391 3073 476 3154 regni
498 3071 634 3132 sutfecit
654 3077 813 3141 extorrem,
827 3071 971 3151 quonism
992 3092 1012 3132 s
1032 3072 1120 3132 Beati
1142 3073 1225 3135 Petri

258 3175 277 3201 '⁸
297 3166 445 3228 fidelium
458 3170 491 3227 et
505 3163 690 3226 obediencie
704 3165 844 3243 nequivit
858 3163 1020 3244 seperare.”
1049 3164 1091 3224 Et
1103 3165 1225 3243 adjecit,

261 3264 279 3293 ¹‘
299 3260 375 3321 Ecce
389 3259 455 3319 vits
475 3257 557 3318 illius
572 3257 705 3338 tyrsnni,
707 3255 719 3292 ³
732 3257 830 3335 quelis
851 3258 891 3318 ed
911 3256 1108 3337 apostolicum
1122 3259 1224 3320 sedem

259 3360 375 3432 “sepe
396 3350 497 3413 delete
517 3356 572 3413 est
608 3350 666 3412 Cui
688 3369 743 3431 pro
762 3350 946 3413 correctione
967 3350 1015 3411 sui
1038 3349 1126 3431 plura
1147 3351 1225 3412 mul
1230 3415 1233 3423 ,

259 3447 409 3506 “totiens
442 3444 645 3507 cohortatoria
678 3445 769 3504 simul
803 3450 836 3504 et
870 3443 1066 3525 esstigntorie
1086 3444 1225 3507 sessione

260 3542 277 3574 ⁸·
296 3538 390 3601 verbs
409 3537 627 3609 mendavimus,
653 3537 706 3599 sed
729 3535 852 3600 afflictio
872 3542 965 3619 etque
985 3535 1122 3618 depulsio
1143 3537 1224 3601 tenti

259 3632 358 3694 “viri
372 3651 460 3713 quem
482 3651 580 3695 eornm
595 3632 707 3694 videtis
721 3632 796 3694 setis
809 3631 912 3694 innuit
925 3637 1074 3713 quuntum
1095 3631 1223 3713 proieci·

261 3734 373 3787 “mus
413 3725 463 3788 Ad
477 3725 549 3798 haec,
564 3725 680 3797 iratres,
693 3725 768 3806 quid
788 3724 917 3796 sentitis
930 3724 1006 3804 quid
1019 3723 1224 3788 decernitis?

260 3819 423 3891 Dkenrnt,
445 3827 460 3852 '¹
471 3819 630 3882 Sententia
643 3818 734 3900 plens
747 3825 802 3890 est,
814 3824 847 3880 et
855 3817 1007 3898 judicium
1027 3818 1161 3882 eudes
1187 3818 1223 3882 Si

262 3921 278 3948 ¹¹
298 3914 379 3977 enim
407 3912 507 3985 semel,
536 3914 562 3972 si
591 3912 734 3986 seeundo,
757 3913 784 3973 si
815 3911 907 3975 tertio
927 3912 1097 3975 recutiet
1118 3913 1224 3976 renuit

240 4207 245 4215 ·
292 4164 746 4231 'W'lfflwdffii
788 4164 979 4231 'imm
1055 4173 1058 4178 '
