3136 4890
88 555 94 565 ·
165 588 168 596 ·
202 558 205 565 ·
245 550 304 610 238
458 562 606 611 ιιιιιοιιιι
627 562 784 612 novenos
806 563 842 612 su
862 562 989 611 ιιιιιι

104 743 217 788 mut
242 753 274 795 ee
304 734 433 796 libenter
463 736 612 815 suscipere
643 734 742 806 velle,¹
770 732 825 795 'sed
859 731 1078 814 professionem
1109 749 1202 811 quam

242 827 391 909 exigebat,
410 832 443 890 et
461 835 663 891 antecessores
684 847 755 890 suos
775 826 880 890 iecisse
901 826 1025 899 sciebat,
1045 825 1132 887 nulla
1153 843 1202 886 ra·
1226 887 1227 890 ,

242 920 325 982 tione
345 921 504 983 iacturum.
527 921 622 1001 CuJus
643 920 743 982 verbis
774 919 848 1000 quia
868 918 1020 980 Radulius
1040 936 1097 981 nec
1116 916 1203 978 audi·

241 1016 307 1073 tum
331 1014 473 1094 praebere
507 1005 718 1095 {equanimiter
759 1012 867 1087 voluit,
904 1013 1062 1094 negotium
1103 1010 1204 1090 ipsum

89 1101 197 1144 ”²⁸¹⁸
242 1127 372 1188 comque
392 1107 660 1187 iudotenuinetum
682 1108 853 1173 remansit.
879 1106 948 1188 Ipse
969 1125 1091 1187 qnoque
1104 1103 1203 1166 Thur·

90 1195 163 1239 ¹⁰*
242 1207 347 1261 strnue
378 1200 492 1282 legatos
521 1221 590 1264 suos
612 1201 740 1263 Romam
772 1201 934 1272 direxerat,
963 1198 1061 1261 modis
1090 1195 1203 1278 quibus

241 1292 323 1376 apud
343 1294 495 1358 Romanos
525 1296 575 1379 agi
605 1301 743 1378 oportere
772 1294 887 1357 sciebat
917 1313 937 1355 a
965 1311 1045 1376 papa
1075 1290 1202 1372 cupiens
1257 1368 1265 1375 ⁶

217 1388 459 1452 absolutionem
498 1391 609 1452 debitur
638 1389 832 1470 professionis
863 1388 1008 1456 obtinere,
1038 1385 1090 1446 eod
1122 1382 1203 1444 nihil

89 1495 201 1585 mlier
242 1482 389 1546 etl'eoerat.
430 1483 496 1545 Rex
526 1488 629 1546 autem
651 1482 802 1545 Henrieus
823 1480 876 1542 ubi
898 1479 1033 1542 advertit
1053 1477 1202 1540 Thursta·

88 1589 182 1679 w
244 1594 317 1638 num
349 1576 381 1638 in
411 1596 467 1639 sua
495 1577 663 1658 pervicacia
683 1582 771 1649 sture,
792 1582 825 1638 et
855 1574 982 1638 eundem
1003 1572 1201 1656 pervicaciam

244 1671 330 1749 quasi
359 1690 396 1732 ιιι
418 1671 557 1732 tuitionis
578 1690 640 1732 sure
661 1670 773 1732 fiducia
803 1668 912 1731 fulcire
932 1687 967 1730 ao
996 1670 1202 1736 manutenere,

244 1763 327 1844 rupit
355 1762 383 1825 ei
412 1762 507 1845 ipsius
539 1763 657 1826 fiducius
686 1762 788 1835 nodos,
816 1768 848 1823 ct
878 1765 984 1842 aperte
1015 1763 1203 1842 protestatus

244 1865 290 1920 est
321 1858 409 1920 illum
437 1865 493 1921 aut
523 1879 636 1920 morem
665 1863 889 1920 antecessorum
919 1870 1044 1918 suorum
1075 1860 1139 1917 tam
1170 1855 1203 1914 in

243 1952 424 2032 professione
453 1952 598 2023 faciende,
619 1970 709 2032 quern
731 1955 764 2012 et
783 1951 816 2011 in
846 1949 917 2012 aliis
938 1947 1085 2030 dignitati
1106 1947 1200 2011 eecle-

242 2044 295 2108 eioe
337 2043 564 2108 cantuariensis
599 2065 637 2107 ox
679 2044 809 2124 antiquo
838 2042 910 2124 juro
955 2041 1201 2124 competentibus

241 2144 445 2208 executurum,
466 2145 522 2200 aut
549 2138 725 2217 episcopatu
747 2137 929 2201 Eboraeensi
959 2155 1029 2200 eum
1059 2136 1198 2197 benedic·

88 2235 210 2324 ξπ
241 2231 323 2293 tione
355 2230 492 2293 funditus
522 2231 698 2304 cariturum,
752 2231 800 2292 Ad
834 2251 903 2311 quae
933 2230 995 2304 illo,
1024 2229 1201 2294 elericorum

89 2328 207 2379 “ml
242 2325 327 2407 quasi
358 2326 517 2409 dignitatis
548 2347 611 2389 ause
640 2326 776 2390 libertati
806 2326 876 2389 ficta
907 2326 1078 2389 reverentia
1106 2326 1202 2389 accla-

240 2421 390 2480 mantium
411 2421 518 2500 suique
549 2421 648 2483 cordis
668 2420 795 2484 oonsilio
816 2415 1119 2499 impraemeditatius⁸
1138 2439 1203 2481 ere·

239 2510 321 2584 dens,
342 2512 533 2575 renunciavit
564 2512 765 2595 pontificatui,
785 2512 937 2594 spondens
966 2513 1030 2595 regi
1051 2516 1083 2575 et
1103 2511 1201 2576 urchi·

229 2606 376 2688 'episeopo
397 2628 429 2670 se
450 2608 522 2668 dum
544 2608 663 2669 viveret
682 2607 769 2668 illum
801 2627 861 2669 non
883 2607 1124 2678 reclamaturum,
1145 2626 1202 2671 noo

192 2701 371 2781 aliquam
392 2701 574 2763 calumniam
607 2700 678 2763 inde
700 2705 863 2777 moturum,
885 2701 1058 2783 quicunque
1088 2702 1200 2765 substi-

86 2787 218 2927 ΨΜ
241 2799 326 2857 tutus
341 2794 455 2858 fuisset
498 2794 558 2857 Sed
579 2813 648 2858 eum
671 2802 739 2876 post
760 2795 825 2858 dies
846 2801 878 2858 ct
898 2801 1043 2861 consueta
1056 2796 1201 2879 obsequio

85 2884 218 2977 „mh
239 2895 272 2950 et
291 2889 412 2968 pristini
444 2889 618 2950 honores
592 2908 671 2951 eirca
700 2910 731 2950 se
761 2890 893 2951 delectui
922 2896 1336 2971 magnopoterent,1aassa

242 2981 418 3044 tabescebat
447 2982 558 3053 animo,
588 2988 621 3043 et
650 3002 682 3042 se
705 2982 808 3046 secisse
838 2983 918 3065 quod
947 2983 1021 3047 lecit
1040 2984 1202 3047 veliemen-

239 3081 286 3136 ter
307 3074 446 3141 indoluit
487 3076 679 3157 Quapropter
700 3084 819 3140 mutate
838 3077 965 3141 consilio
986 3099 1086 3161 regem
1115 3086 1200 3143 trans

240 3187 321 3230 mare
352 3174 475 3231 euntem
489 3174 617 3236 ‘secutus
645 3175 700 3241 est,
721 3189 845 3251 sperans
866 3191 898 3232 se
918 3174 1132 3235 revestituram
1152 3173 1200 3234 sui
1273 3200 1282 3216 ι

239 3260 434 3342 pontificatus
465 3267 721 3343 recuperaturum,
749 3269 782 3329 et
818 3263 871 3329 tuli
903 3266 993 3330 modo
1027 3285 1100 3352 erga
1130 3288 1200 3332 eum
1281 3301 1287 3310 ·

239 3355 398 3430 iacturum,
419 3363 463 3430 ut
484 3377 520 3421 eo
541 3357 743 3438 praecipiente,
770 3361 1013 3425 benedictionem
1037 3362 1077 3425 ab
1101 3363 1202 3427 archi·

83 3451 211 3545 gelde·
239 3447 380 3528 episeopo
400 3448 465 3510 sine
486 3449 680 3528 professionis
695 3453 855 3516 exactione
873 3453 1099 3535 adipisceretur.
1141 3454 1201 3519 oui

79 3500 171 3637 me
240 3539 462 3622 negotiosum
472 3561 503 3604 ιι
524 3542 702 3604 medium
671 3544 731 3607 ursi
752 3566 815 3609 rem
837 3546 1016 3627 prolatando
1029 3570 1083 3614 rex
1104 3549 1201 3614 fecem

240 3632 344 3706 nollet,
363 3634 460 3697 sciens
479 3634 737 3718 arehiepiscopum
757 3638 961 3704 abominabile
981 3640 1092 3706 habere
1112 3648 1201 3706 unte

239 3725 408 3807 precipitio
437 3747 470 3790 ee
490 3728 664 3808 perenuiter
693 3729 759 3793 lieri
780 3731 956 3809 obnoxium,
976 3751 1122 3820 suspensa
1135 3756 1200 3836 'rea

236 4009 402 4155 ἰιιιᾳιηι
417 4030 488 4098 ιιι]
500 4033 695 4107 uuus-epm,
738 4040 1008 4162 “papensium
1032 4044 1057 4095 u
1077 4045 1198 4110 met

172 4152 176 4159 ,
317 4126 319 4131 ·
782 4115 859 4173 aad.
