3136 4890
527 378 675 427 nis-nonu
697 378 854 427 savonen
876 379 912 426 nr
933 377 1059 427 anuum
1234 365 1273 426 2³

310 552 383 607 sunt
403 547 570 610 describere
592 547 681 617 velot,
700 546 820 628 eopiosa
847 545 976 609 maturis
995 549 1043 607 ost
1070 548 1103 605 ot
1129 543 1169 605 ad
1196 561 1274 625 epm
1378 544 1384 553 '

311 639 425 717 grande
446 639 603 701 sullieions.
645 639 709 719 Ego
730 646 841 709 nutem,
862 639 935 718 quia
956 635 1106 718 prulmiiili
1126 655 1163 699 ee
1186 634 1274 697 firma

312 731 429 793 ratione
450 732 528 794 sieut
548 733 626 814 eoepi
648 732 680 792 in
700 730 762 793 alia
781 731 883 804 ducor,
904 735 1025 793 lantum
1045 727 1147 790 adhue
1172 727 1211 788 do
1239 745 1276 788 oo
1389 740 1418 797 ,·

199 858 203 872 ·
311 824 444 885 brevitor
464 826 539 898 dieo,
559 828 658 906 ipsum
679 847 710 886 ro
731 845 805 887 vera
824 829 1016 906 magnumst
1037 819 1273 904 insuperabilem

311 917 442 980 eoelesim
473 918 589 981 Christi
618 917 805 980 defensorem
840 926 872 980 ot
905 919 988 998 pium
1024 916 1120 978 totius
1151 914 1273 996 Angliro

311 1020 436 1091 petrem,
465 1033 500 1075 oe
529 1014 562 1075 iu
594 1020 742 1093 quantum
771 1011 830 1073 sibi
860 1011 948 1075 lieuit
976 1009 1093 1073 bonum
1120 1012 1273 1092 mrem

310 1106 428 1167 eunetis
449 1105 480 1165 in
503 1125 538 1167 oa
559 1104 793 1167 consistentibus
813 1105 888 1165 dum
909 1105 991 1165 vixit
1010 1104 1111 1165 saissa

355 1200 411 1259 I‘er
438 1200 519 1261 idem
548 1207 668 1279 lempim
688 1203 755 1260 erat
774 1197 899 1279 quidem
919 1197 1013 1259 abbas
1034 1195 1131 1268 Beeoi,
1151 1195 1274 1257 nomine
1286 1199 1395 1296 Μ

313 1291 483 1362 Auselmus,
513 1293 561 1352 vir
590 1292 729 1370 equidem
761 1291 859 1352 bonus
887 1297 919 1352 ot
949 1290 1075 1352 seientia
1104 1289 1414 1382 stammam
1450 1300 1453 1305 ’

314 1385 472 1465 magnifico
502 1386 635 1466 pollens;
664 1383 910 1465 contemplativae
930 1383 1004 1444 uitta
1034 1388 1117 1443 totus
1138 1381 1374 1472 intendo-2⁸⁴*

314 1476 375 1537 bat.
418 1479 478 1540 IIie
499 1481 557 1539 toti
579 1478 775 1540 Normannim
796 1485 889 1558 uulua
910 1475 1045 1539 Franeito
1066 1494 1121 1557 pro
1140 1494 1205 1537 suro
1225 1476 1356 1567 err-ff
1393 1473 1427 1520 Β

314 1571 450 1632 cellensis
485 1571 656 1632 sanctitatis
685 1571 795 1632 merito
824 1577 924 1642 notus,
952 1589 1039 1632 oanu
1067 1575 1101 1630 ot
1130 1573 1281 1649 suseptae,
1466 1605 1474 1623 .

315 1684 432 1744 megum
464 1665 553 1728 samm
584 1666 617 1726 in
648 1662 762 1744 Anglia
792 1683 912 1745 quoquo
943 1661 1121 1733 hebebatur,
1149 1679 1187 1724 so
1216 1659 1280 1742 regi
1366 1665 1373 1676 ’
1419 1671 1429 1689 “

315 1758 444 1838 paulato
478 1779 572 1820 necne
608 1758 779 1819 Lanlraneo
813 1758 1038 1839 archiepiscopo
1078 1755 1282 1818 maisin·

316 1852 526 1914 familiaritate
546 1852 753 1933 copulabatur.
796 1850 887 1922 Huic,
903 1869 971 1912 eum
993 1867 1212 1929 nonnunquam
1226 1866 1282 1928 pro

316 1945 443 2003 (liversis
464 1944 596 2005 eeclesiae
627 1964 690 2004 sum
722 1953 754 2004 et
782 1944 912 2004 aliorum
943 1943 1073 2023 negotiis
1097 1941 1138 2004 ad
1165 1941 1280 2005 curiam

316 2037 394 2114 regis
425 2037 550 2109 reniret,
580 2055 634 2096 rex
665 2036 737 2114 ipse,
759 2035 900 2115 deposito
929 2035 1051 2096 t‘oritmo
1082 2053 1145 2114 qua
1175 2034 1282 2096 multis

317 2128 479 2186 vilebatur
499 2149 599 2188 saevus
620 2133 652 2188 et
672 2126 880 2198 formidabilis,
901 2127 947 2188 ius
974 2126 1067 2188 fiebat
1091 2125 1223 2190 inclinus
1249 2133 1283 2188 el

316 2220 455 2289 allabilis,
475 2226 519 2290 ut,
542 2220 607 2299 ipso
627 2223 783 2298 prmsento,
804 2220 929 2279 omnino
953 2239 1045 2297 quam
1074 2239 1138 2280 esso
1165 2219 1283 2281 solebat

317 2313 511 2392 stupentibus
532 2313 649 2375 cernetis
671 2312 757 2373 lieret
777 2312 863 2373 alius
907 2310 1001 2372 Hune
1021 2311 1127 2392 itaquo
1146 2316 1179 2373 et
1203 2311 1282 2373 Iau-

318 2408 454 2466 lrancum
477 2408 621 2468 videlieet
643 2407 724 2466 viros
745 2406 853 2467 ‹livina
872 2405 962 2466 simul
991 2412 1024 2466 et
1046 2405 1183 2468 hiumam
1209 2426 1281 2487 pru·

317 2501 422 2560 dantia
444 2500 535 2561 fultos
557 2521 619 2581 prm
640 2520 671 2561 se
693 2499 795 2579 magni
816 2517 933 2578 sempor
954 2497 1094 2569 habebat,
1115 2504 1148 2560 et
1174 2519 1225 2560 eos
1247 2500 1281 2560 in

318 2593 457 2653 omnibus
493 2614 560 2671 qum
595 2593 661 2662 sibi,
692 2598 841 2671 quantum
871 2591 961 2653 officii
991 2612 1094 2654 eorum
1123 2591 1281 2665 resemlni.

318 2687 435 2765 agenda
469 2695 556 2748 orarit
590 2687 716 2748 dulciori
752 2707 813 2766 prru
848 2686 964 2746 ueteris
993 2685 1095 2747 studio
1126 2685 1280 2748 audebo

318 2780 409 2839 Unde
443 2779 588 2840 consilio¹
625 2780 743 2840 illorum
771 2780 811 2839 ab
837 2779 932 2840 animi
967 2779 1014 2839 sui
1048 2778 1212 2842 marium
1247 2779 1281 2841 in

319 2873 463 2952 quonlam
493 2872 657 2952 plurimum
689 2878 721 2931 ot
749 2891 827 2951 stepo
848 2869 1057 2943 deseendobst,
1076 2878 1109 2933 et
1137 2872 1283 2953 quatinus

320 2967 351 3024 in
380 2985 435 3024 sua
459 2964 665 3025 dominatione
693 2964 732 3023 ad
760 2964 983 3025 observantiam
1004 2964 1159 3047 religionis
1179 2984 1283 3028 mona·

319 3058 411 3118 steria
439 3064 596 3136 surgerent
625 3056 758 3116 studioso
787 3077 908 3136 operum
937 3058 1039 3119 dsbot
1081 3057 1157 3134 Qum
1177 3059 1284 3140 religio
1403 3054 1411 3075 ⁶

320 3171 358 3211 ne
387 3158 461 3211 nata
489 3150 636 3221 deficeret,
657 3147 839 3229 procurabat
859 3150 1052 3213 ecelesiarum
1080 3170 1184 3233 paoem
1208 3172 1284 3234 qua·

321 3264 379 3323 quo
399 3242 486 3313 tueri,
507 3249 539 3302 ot
565 3243 609 3302 eis
637 3262 706 3322 queo
734 3244 767 3302 in
796 3263 868 3304 usus
887 3244 1087 3307 servientium
1107 3244 1173 3309 Deo
1193 3246 1285 3329 prod·

321 3344 432 3407 eerorrt,
453 3337 485 3396 in
507 3337 602 3407 terris,
624 3337 656 3396 in
678 3335 810 3411 decimis,
831 3337 864 3397 in
883 3337 953 3398 aliis
973 3337 1153 3412 redditibus,
1169 3359 1209 3402 ox
1229 3360 1306 3403 suo·

323 3430 433 3509 largiri
477 3429 543 3490 llee
575 3437 676 3490 tamen
706 3430 915 3492 benivolentia
934 3431 1185 3511 supercoelestes
1205 3432 1286 3498 Nor·

324 3524 455 3585 rnsnniru
476 3525 653 3604 propensius
675 3523 861 3604 respicielut.

365 3618 425 3680 llio
445 3637 515 3698 ergo
536 3617 706 3679 Willelmus
727 3637 795 3680 eum
825 3618 969 3682 vioesimo
997 3620 1096 3703 primo
1124 3622 1210 3706 regul
1237 3623 1407 3685 ntimo·

199 3755 278 3801 Μ
324 3730 405 3772 anno
435 3709 612 3770 infirmitate
641 3729 702 3789 qua
730 3716 762 3771 et
790 3719 928 3772 mortuus
958 3721 1006 3774 out
1034 3714 1177 3777 dotentas
1204 3682 1446 3797 apodfflffl

555 3941 561 3971 ¹
577 3938 643 3986 Unde
663 3940 770 4004 emilie]
784 3942 853 3991 Uul·
863 3950 886 3990 et
897 3943 1003 3997 milio.
1013 3947 1044 3994 L
