3136 4890
507 608 655 655 nrsrorur
677 607 833 656 uovoumr
857 611 887 655 rs
911 610 1038 657 suesrs
1199 600 1259 657 us

292 778 439 842 dominus.
484 782 572 843 Unde
593 803 742 861 nusquam
764 783 827 863 ipse
849 784 944 864 ipsius
965 783 1049 844 urbis
1069 784 1205 856 antistes,
1219 804 1256 847 eo
1285 807 1408 855 mn

293 881 447 950 precseutc,
469 896 525 935 suo
547 876 667 935 uolebat
698 876 762 937 loeo
783 878 962 956 praesidere,
990 878 1051 946 secl,
1072 877 1255 957 praesidente
1337 872 1342 879 ⁸

293 966 404 1046 ubique
426 968 577 1039 dnselruo,
600 963 756 1029 inferioris
768 974 801 1030 et
821 970 1003 1052 suffraganci
1025 971 1089 1034 loeo
1109 970 1199 1033 simul
1221 978 1255 1034 et

292 1060 387 1121 ollieio
417 1063 494 1122 mira
524 1065 633 1125 duetus
662 1062 835 1125 bumilitate
857 1063 1049 1143 fungebatur.
1090 1064 1254 1127 Anselmus

293 1153 483 1226 festivitates,
518 1177 616 1217 saeros
650 1157 777 1225 ordines,
812 1157 1004 1218 eeclesiarum
1045 1157 1252 1220 dedicationes

291 1248 469 1319 celebrabat,
484 1257 516 1310 et
537 1250 722 1330 pontificalia
742 1270 870 1331 qumque
891 1250 988 1313 officia
1007 1251 1250 1317 administrabat
1352 1306 1358 1319 .

333 1342 392 1402 Sed
425 1365 493 1403 curu
524 1346 622 1413 multi,
642 1345 748 1422 agnita
770 1345 988 1405 benovolentia·
1019 1345 1085 1424 ejus
1108 1346 1254 1425 sruplitu·
1416 1421 1423 1433 ⁶

292 1437 371 1505 dine,
391 1435 429 1494 ad
462 1456 530 1495 eum
560 1443 722 1505 currerent,
743 1444 776 1496 et
803 1443 1024 1497 sacramentum
1052 1437 1254 1515 impositionis
1282 1433 1289 1445 '
1356 1438 1360 1445 '

293 1549 400 1588 manus
420 1530 552 1608 episcopi
582 1531 621 1588 nlr
651 1528 703 1588 illo
731 1528 789 1588 sibi
819 1548 855 1589 ae
879 1529 942 1588 suis
962 1528 1091 1589 conferri
1113 1528 1254 1611 delmes-

293 1629 368 1692 reut,
390 1622 460 1701 ipsc,
481 1624 533 1701 qui
566 1625 598 1682 in
629 1622 844 1702 episcopalium
872 1622 1036 1684 officiorum
1058 1621 1280 1685 administren

292 1717 426 1776 tionibus
440 1737 557 1796 semper
572 1722 680 1776 nutum
696 1716 848 1795 pontilicis
861 1715 1051 1796 expectabat,
1064 1714 1125 1775 loni
1146 1715 1254 1777 affabi-

292 1810 379 1870 litate
401 1809 602 1890 respondebat
622 1830 709 1869 suum
732 1828 793 1869 non
815 1831 878 1870 esse
900 1808 961 1870 tale
975 1809 1049 1888 quid
1066 1808 1098 1871 ia
1111 1810 1255 1891 parochis

291 1904 417 1962 alterius
446 1904 587 1982 episcopi,
617 1923 652 1962 eo
685 1902 863 1972 inconsulto,
895 1920 1082 1980 presumere.
1125 1902 1164 1962 In
1192 1924 1254 1984 quo

292 2017 360 2056 eum
393 1998 509 2056 ratione
538 1998 587 2076 egi
619 1996 832 2075 intelligentes,
854 2015 925 2056 mox
955 1995 993 2056 nd
1025 2015 1114 2056 suum
1138 1997 1254 2078 episeo-
1289 1982 1299 2003 ⁶
1344 2012 1349 2019 '

293 2111 364 2169 pum
387 2092 512 2151 nrrrrcios
534 2090 680 2169 dirigunt,
701 2099 740 2159 ot,
761 2109 823 2168 qua
843 2089 1033 2169 benignitate
1055 2090 1103 2150 vir
1123 2092 1163 2152 sd
1183 2112 1254 2154 suss
1328 2134 1333 2139 -
1400 2102 1403 2109 '

292 2204 393 2262 preces
424 2184 612 2261 suspenderit
647 2185 876 2252 innotescentes,
907 2188 998 2243 orant
1032 2181 1118 2242 illum
1154 2185 1253 2266 rogari

292 2296 345 2355 pro
367 2297 404 2336 se.
449 2276 493 2337 De
525 2297 555 2336 m
583 2296 653 2355 ergo
673 2295 693 2337 a
714 2276 856 2355 pontifico
880 2275 1060 2356 appellatus,
1082 2276 1174 2339 immo
1199 2299 1254 2359 per

291 2377 386 2430 totam
409 2371 580 2451 perne-biam
602 2390 686 2430 suam
716 2370 772 2430 hoe
796 2376 829 2431 et
848 2368 918 2429 aliis
938 2371 1163 2449 pontificalibus
1188 2373 1253 2433 olll·

290 2464 344 2523 eiis
377 2465 407 2521 iu
444 2464 526 2521 illias
556 2463 724 2522 uoluntatis
753 2460 971 2521 deliberatione
1003 2462 1118 2541 positis,
1147 2482 1252 2526 omues

290 2556 459 2624 adruittcrc,
482 2557 630 2615 nemiuem
659 2554 699 2614 ab
722 2555 815 2632 ipsius
835 2553 935 2633 gratis
955 2556 1134 2616 sscramenti
1155 2557 1254 2636 potio·

292 2649 382 2707 betur
413 2651 576 2707 imuurucru
608 2648 767 2707 discedere.
820 2645 928 2706 Fiebat
957 2646 1078 2726 itaquo¹
1109 2647 1253 2727 frequens

292 2742 470 2821 populorum
493 2762 662 2809 concursus,
683 2746 715 2799 ct
743 2758 959 2817 nonnunquam
986 2739 1018 2798 in
1039 2739 1096 2802 boe
1115 2739 1179 2802 solo
1198 2761 1250 2802 ex·

291 2837 481 2916 pendebatur
501 2838 564 2897 dics
587 2843 677 2905 totus,
693 2835 736 2893 ita
758 2842 793 2894 ut
813 2853 868 2894 uos
888 2833 940 2912 qui
962 2833 989 2894 ei
1004 2834 1252 2897 ministrabamus

288 2933 375 3007 gravi
399 2933 490 2991 tcedio
511 2952 590 3010 ser-pe
612 2931 818 3008 fatigaremur,
840 2928 905 3006 ipso
925 2947 1042 3007 semper
1064 2929 1199 3007 jocundo
1218 2936 1252 2992 et

289 3022 378 3082 lrilari
411 3023 521 3082 vultu¹
541 3024 699 3082 existente.
743 3020 850 3081 Crevit
878 3026 982 3080 sumn
1015 3021 1047 3080 in
1076 3041 1147 3083 eum
1174 3024 1253 3085 min

289 3117 427 3194 qrrmdarn
449 3137 487 3176 ex
510 3116 556 3174 lris
578 3126 610 3176 et
625 3116 763 3175 inaudita
784 3114 907 3176 dileetio
928 3116 1072 3186 omnium,
1086 3122 1119 3176 ct
1132 3116 1252 3179 muita

289 3210 353 3285 ejus
375 3208 592 3288 divulbmbatur·
613 3229 665 3289 per
686 3208 854 3270 circuitum.

331 3302 415 3361 Inter
434 3301 500 3361 luce
528 3323 581 3382 pcr
608 3302 734 3382 populos
754 3301 835 3361 sarus
855 3300 1006 3380 dispersit,
1028 3300 1186 3364 Urbanum
1205 3317 1330 3407 seg-n
1346 3319 1374 3361 ιι

288 3394 335 3452 dis
355 3397 528 3475 apostolica·
551 3398 707 3475 presidem
734 3396 875 3474 pnesenti
898 3395 972 3456 vitm
994 3396 1116 3456 modum
1137 3395 1248 3459 feei-e.
1260 3365 1382 3505 &a
1467 3411 1475 3423 ·

289 3487 446 3564 Siquidem
469 3489 553 3566 prius
574 3488 650 3547 obiit
675 3509 765 3566 quam
787 3509 855 3568 quss
876 3510 895 3547 a
916 3509 984 3568 rege
1004 3489 1173 3568 Anglorum
1194 3508 1250 3571 pro
1317 3485 1325 3497 ⁶

287 3583 386 3641 causis
412 3583 549 3643 Ansclrui
579 3584 762 3663 expectabat
793 3602 937 3663 responsa
960 3582 1148 3664 susecpcrit⁸
1187 3583 1395 3693 θώκῳ

287 3676 427 3736 decessus
447 3679 520 3737 vitre
551 3678 602 3737 ubi
634 3677 768 3755 ejusdem
794 3677 873 3757 regis
893 3677 1018 3737 auribus
1039 3677 1183 3749 insonuit
1204 3689 1374 3740 mun

288 3769 420 3847 spondit,
443 3771 510 3831 “Et
532 3771 588 3831 Dei
611 3771 713 3831 odium
736 3771 855 3842 tremes,
869 3772 922 3850 qui
944 3770 1014 3831 indo
1034 3769 1147 3835 enne*
1187 3770 1251 3834 Ad·

441 4036 447 4066 ¹
460 4038 549 4098 um]
562 4042 599 4085 Os
610 4052 704 4084 assere
715 4038 738 4083 in
751 4040 780 4083 Λ.

440 4108 555 4168 ‘jacendo
565 4117 585 4155 ct
597 4110 665 4155 sum
677 4108 755 4171 ntts]
766 4109 871 4168 μου*
882 4108 948 4157 nit!
958 4116 982 4157 st
992 4108 1069 4165 bibli,
1079 4109 1112 4158 Α.
1213 4132 1219 4143 ·

442 4180 597 4245 ἠποροῦ]
610 4181 745 4242 suimet,
755 4183 786 4229 Α.
1105 4259 1125 4319 ¹

514 4304 521 4315 .
1061 4272 1083 4317 11
