3150 4994
249 388 308 448 ³44
492 397 535 445 ne
554 394 629 442 vrrs
651 395 689 442 rr
710 387 971 442 convnusarrosr

167 614 171 621 .
247 568 367 630 irorurro
387 570 493 629 saitern
515 574 548 627 et
568 567 684 644 fragore
705 567 751 625 sui
773 586 860 627 casus
887 566 987 625 virrun
1008 571 1108 645 ooepto
1136 583 1205 644 pro·

246 660 400 723 turinret¹
432 660 491 721 Scd
513 660 599 720 miles
620 658 783 719 iruruobilis
803 663 967 740 ponuanet,
981 662 1013 720 ct
1036 661 1204 719 monstrum

246 775 366 817 accurris
387 755 501 816 irridet
544 754 617 815 Post
637 775 705 832 qum
726 761 841 814 stuturu
864 754 937 814 uitur
966 773 1030 813 urire
1051 750 1205 831 propnito

245 849 385 908 aarrctiori
407 848 531 906 fundare
552 847 733 916 desidrnnna,
748 844 925 905 dnscluuun
946 844 1033 915 adiit,
1045 841 1203 904 consiiiurn

245 940 310 1020 ejus
343 955 432 1021 anper
461 939 517 1002 hoc
547 939 700 1001 addiscere
729 938 859 1020 cupiens
917 937 1029 999 Verum
1060 936 1133 998 durn
1163 934 1204 998 nd

246 1034 343 1115 ipsum
374 1034 487 1095 sarlone
517 1035 575 1094 iter
603 1034 789 1103 acceleraret,
820 1052 886 1094 ecco
918 1032 1069 1112 malignus
1100 1029 1204 1100 hostis,

243 1126 407 1186 hurnannrn
429 1145 530 1187 vocem
553 1146 592 1186 ex
613 1126 740 1185 arlvcrao
760 1125 860 1194 edens,
882 1125 914 1184 in
937 1123 1001 1184 heac
1021 1121 1115 1183 verba
1135 1140 1205 1202 pro·

245 1218 335 1299 rupit
357 1218 505 1291 '‘Curiule,
527 1218 651 1290 Cadrde,
671 1238 732 1299 quo
754 1216 905 1279 tendisi”
927 1216 1027 1298 Igitur
1054 1235 1123 1279 curn
1153 1215 1205 1277 iilo

244 1312 283 1371 ad
304 1332 407 1373 vocem
428 1313 614 1380 suiuisteret,
634 1313 709 1371 sciro
731 1311 835 1371 solens
855 1310 924 1389 quia
944 1315 1023 1370 esset
1054 1309 1107 1387 qui
1129 1307 1206 1368 tatia

191 1391 200 1405 ⁰
244 1403 365 1475 diecret,
385 1405 528 1484 repetivit
548 1403 656 1463 denron
677 1408 708 1464 et
728 1403 779 1463 ait
822 1401 915 1477 “Quo
936 1400 1043 1472 tendis,
1065 1399 1206 1462 Ceduiet

245 1504 261 1528 ⁸¹
283 1496 364 1572 Quid
386 1503 415 1558 to
446 1503 603 1576 tantopere
626 1496 755 1576 priorem
787 1495 874 1556 iilum
903 1494 1095 1576 hypocritam
1123 1495 1206 1574 urgit

245 1600 260 1623 ¹·
282 1591 388 1650 adiret
409 1591 521 1668 Opinio
542 1589 690 1667 siquidem
711 1588 776 1665 ejus
797 1588 921 1648 omnino
940 1587 1084 1649 ariston
1103 1607 1206 1650 acrin-

246 1689 261 1713 ¹·
282 1682 450 1745 versatione
472 1682 544 1741 vitre
574 1679 662 1740 iilius
705 1680 894 1761 Quapropter
924 1680 1044 1754 sitalco,
1073 1680 1206 1754 eonardo,

245 1784 261 1808 ‘¹
283 1783 318 1836 ut
341 1774 464 1837 ceterius
486 1775 597 1847 redeas,
617 1794 663 1844 ne,
690 1775 831 1836 seductus
859 1774 900 1834 ub
920 1795 963 1844 eo,
983 1776 1116 1836 stultitia
1145 1794 1207 1855 qus

245 1878 260 1902 ‘⁸
282 1868 369 1927 niolo
404 1867 531 1927 traheris
554 1867 730 1945 illaqueeris
781 1866 959 1946 Hypocrisis
990 1886 1121 1948 namquo
1148 1887 1207 1930 aua
1288 1930 1292 1937 ,

244 1961 341 2040 “jam
376 1960 486 2026 ruultoa
521 1958 647 2040 decepit,
682 1965 714 2020 ot
755 1977 808 2040 spe
843 1977 923 2020 rana
956 1958 1109 2024 delibutos
1142 1961 1206 2023 suin

244 2066 259 2089 ⁸⁴
282 2076 390 2120 vacuos
425 2062 457 2116 ct
488 2056 636 2116 irnruunca
666 2055 790 2116 eti'ccit.”
834 2054 910 2116 liuc
939 2055 991 2116 ilio
1018 2056 1146 2117 audiena
1173 2062 1207 2118 ot

242 2149 397 2209 deruoncrn
419 2169 482 2208 erno
511 2147 564 2226 qui
596 2146 775 2226 impuebatur
806 2166 1025 2227 recognoscens,
1056 2147 1143 2229 signo
1173 2138 1220 2210 ω’

241 2241 337 2304 erucis
358 2239 499 2314 munivit,
519 2245 559 2312 et,
588 2247 689 2322 spreto
718 2239 812 2312 ironic,
843 2260 904 2321 quo
933 2248 1131 2324 proposuerat
1160 2241 1205 2305 ire

241 2337 381 2417 perrexit
424 2336 503 2411 Quid
519 2336 628 2415 pturat
648 2335 764 2395 Audito
778 2335 929 2406 Anacimo,
942 2335 1093 2416 abnegato
1106 2336 1205 2417 aeilrso

241 2436 273 2490 et
292 2428 409 2498 succido,
431 2427 578 2508 religioso
607 2427 680 2488 vitro
700 2448 732 2488 se
763 2426 900 2500 tradidit,
928 2433 961 2489 et
990 2428 1073 2511 apud
1104 2428 1205 2511 nujus

242 2524 456 2585 itonastcrium
478 2521 641 2584 inonachus
655 2523 752 2585 iactus
766 2528 819 2584 cst
862 2521 954 2586 Hunc
977 2523 1091 2585 etenim
1115 2544 1203 2585 nsum

241 2618 401 2678 drisclrnus
438 2618 576 2686 trilono,
612 2624 647 2676 ut
691 2635 846 2693 nurupruur
891 2615 1021 2693 aiicujus
1054 2609 1339 2678 comininum*

239 2731 332 2772 causa
349 2709 490 2772 arroderet
510 2709 600 2770 uticui
622 2709 731 2771 sreeulo
752 2708 927 2771 renunciare
957 2708 1072 2772 volenti
1102 2710 1204 2792 quati·

240 2825 298 2866 nus
320 2805 351 2865 in
371 2824 425 2865 suo
447 2804 628 2865 monasterio
649 2804 854 2883 potiusquam
871 2803 902 2862 in
916 2803 1017 2865 alieno
1038 2803 1069 2864 id
1082 2804 1201 2867 iaceret

242 2899 328 2973 Quod
351 2899 492 2958 nimirum
514 2918 549 2957 eo
582 2898 706 2968 intuitu,
727 2918 763 2957 ca
791 2896 1031 2958 consideratione
1063 2897 1204 2971 iacieiut

241 3013 278 3052 no
299 2992 378 3051 nlius
400 2989 590 3073 postmodum
614 2989 678 3051 loco
691 3009 781 3070 quem
796 3009 834 3049 es
851 2990 973 3070 propria
985 2989 1204 3055 deliinmiono

240 3107 301 3146 uon
322 3087 498 3154 intraverat,
518 3084 629 3162 aliquo,
651 3092 686 3144 ut
707 3085 750 3152 sit,
771 3083 911 3163 putantne
932 3082 1080 3156 molestia,
1100 3085 1202 3147 detra·

240 3178 333 3248 hcret,
354 3183 387 3238 ct
406 3177 538 3238 scindali
560 3179 606 3236 sui
628 3197 663 3237 oc
685 3176 884 3256 impatientior
912 3195 1049 3235 murmur
1080 3196 1203 3256 persua·

240 3269 316 3330 aioni
338 3269 434 3349 ipsius
455 3269 627 3348 imputaret,
649 3268 752 3347 itaquo
772 3288 804 3328 ae
824 3266 894 3328 aliia
914 3273 946 3328 et
975 3266 1052 3330 aliea
1071 3267 1131 3330 uiti
1161 3269 1201 3332 cd

240 3363 338 3424 multa
358 3363 474 3423 divisus
493 3382 600 3442 granea
622 3362 758 3422 ediceret
1271 3440 1276 3449 ι

283 3456 364 3515 xxvi.
386 3455 537 3516 Defuncto
580 3474 660 3534 arcpo
698 3453 837 3534 superior
878 3453 1059 3516 nominato⁸
1090 3454 1201 3519 abluto

242 3547 399 3620 Heriuino,
419 3548 500 3609 uno·
520 3547 656 3609 omnium
678 3547 806 3609 iratrnrn
829 3547 1025 3611 Beooeminm
1053 3567 1201 3613 cumeurn

270 3861 362 3919 'apto
387 3857 548 3920 procurtores]
579 3873 593 3906 a
618 3869 695 3919 cepto
772 3858 921 3920 'wicred
934 3862 1109 3915 mtot

772 3929 850 3992 turo]
864 3930 986 3979 norint
