3136 4890
240 504 241 508 ’
360 517 499 565 menum
521 516 760 567 meurarrscorr
781 517 1040 567 carrumnnsrs
1124 506 1187 567 42³

222 688 335 752 corde¹
356 688 482 761 lecturor,
503 692 536 751 et
562 690 644 770 quod
670 689 824 751 edideram
853 694 943 752 tanta
969 708 1005 754 ac
1031 690 1087 752 nli
1114 708 1186 755 suc-

224 784 349 848 toritatc
385 784 544 846 suffultum
577 783 656 845 forta
691 784 760 865 plus
787 804 873 865 equo
904 805 996 866 penes
1026 786 1186 868 memetip-

225 875 315 935 sum²
335 876 487 954 gloriarer,
507 882 576 954 post
596 895 706 956 pancos
726 878 850 938 correcti
871 878 971 956 operis
990 878 1063 947 dies,
1075 886 1186 939 veeste

225 968 302 1029 milri
329 969 368 1029 ad
395 988 427 1028 se
455 968 594 1048 pontifex
622 969 686 1050 ipso
713 969 865 1051 pnnccpit,
889 970 1033 1051 quatinus
1060 976 1185 1051 quster·

226 1064 331 1123 niones
367 1063 398 1121 in
433 1063 544 1141 quibus
579 1065 678 1142 ipsum
712 1085 788 1143 opus
821 1083 1025 1144 congesseram
1060 1065 1184 1145 penitus

226 1154 419 1227 destruerem,
459 1155 617 1236 indignum
655 1155 789 1237 proiecto
827 1175 889 1217 sese
922 1156 1064 1236 judicans
1097 1155 1185 1233 cujus

228 1249 347 1310 laudem
375 1254 516 1311 secutura
543 1250 703 1330 posteritas
730 1270 770 1313 ex
793 1249 963 1313 litterarum
990 1248 1185 1313 monimentis

228 1341 317 1417 pretii
352 1342 487 1417 cujusvis
521 1342 653 1401 liaberet
705 1342 793 1415 Quod
827 1343 970 1401 nimirum
1004 1362 1083 1421 aegro
1118 1343 1185 1401 tuli.

229 1431 300 1492 Non
327 1431 442 1493 audens
470 1437 572 1493 tamen
601 1432 657 1513 ipsi
683 1439 832 1514 pnecepto
851 1432 990 1495 funditus
1010 1433 1187 1495 inobediens

229 1546 301 1595 esse,
322 1545 377 1587 nee
404 1546 481 1604 opus
501 1527 581 1604 quod
610 1526 706 1587 multo
734 1527 835 1588 labore
858 1547 1064 1607 compegeram
1083 1528 1189 1589 velens

229 1616 353 1677 orrmino
374 1616 527 1696 perditum
550 1618 602 1685 irc,
625 1617 738 1676 notatis
759 1617 861 1677 verbis
884 1618 958 1696 ejus,
978 1618 1191 1696 quaterniones

230 1709 310 1789 ipsos
338 1709 485 1781 destruxi,
514 1707 572 1771 iis³
599 1709 709 1790 quibus
737 1708 842 1791 scripti
870 1716 958 1773 crant
977 1709 1045 1773 aliis
1069 1720 1191 1792 quater·

229 1802 372 1861 nionibus
387 1803 485 1880 primo
506 1804 666 1880 inscriptis.
703 1803 790 1876 Quod
812 1804 926 1864 lactum
947 1805 1069 1864 meum*
1088 1806 1192 1865 inobo-

230 1893 378 1954 dientire⁶
405 1901 527 1973 pccmto
555 1895 633 1955 torte
661 1913 723 1954 non
750 1892 854 1956 curet⁸
904 1895 1004 1956 Aliter
1030 1896 1112 1957 enim
1135 1896 1192 1955 im·

233 1990 314 2070 plevi
343 1996 527 2070 praeceptum
555 1990 621 2069 ejus
648 2009 683 2052 ac
718 1989 804 2050 illum
834 1988 1020 2052 intellexisse
1054 1991 1193 2054 sciebam.

126 2150 131 2160 Ι
233 2082 425 2159 Quapropter
452 2082 491 2141 alr
518 2083 657 2141 omnibus
686 2081 718 2140 in
748 2101 876 2159 quorum
901 2102 1008 2142 manus
1029 2083 1194 2167 roseius

233 2175 404 2245 ceciderint,
425 2175 449 2234 si
472 2174 593 2254 quidem
617 2174 684 2236 istie
705 2173 865 2255 quicquam
887 2175 967 2256 quod
988 2195 1049 2238 non
1069 2178 1194 2241 omnino

198 2319 204 2335 ,
233 2277 382 2346 qnantrrm
411 2268 449 2327 ad
479 2268 652 2327 fatuitatem
678 2268 858 2327 narrationis
878 2269 1037 2349 displiceat
1056 2292 1193 2352 reppere-

235 2362 305 2431 rint,
326 2361 456 2438 petitnm
479 2359 515 2416 iri
537 2378 723 2438 summopere
744 2359 871 2438 postulo,
891 2362 1036 2439 quatinus
1063 2384 1117 2443 pro
1137 2365 1195 2427 hoe

230 2461 261 2515 et
291 2473 346 2534 pre
374 2452 442 2514 nliis
474 2451 603 2531 peccatis
638 2452 712 2513 meis
746 2452 911 2533 dignentur
931 2454 1135 2531 intercedere,²
1155 2478 1194 2521 nc

231 2548 324 2606 moles
345 2566 448 2605 corum
470 2565 517 2604 me
539 2544 682 2604 tantunr⁸
702 2546 860 2624 deprimat,
881 2554 918 2605 ut
937 2548 977 2608 ad
998 2550 1084 2609 illurn
1108 2553 1196 2631 cujus

231 2639 328 2699 vitam
363 2643 395 2697 et
428 2643 514 2698 actus
549 2637 751 2716 qualicunque
785 2637 857 2697 stilo
887 2638 997 2717 digessi
1024 2642 1196 2723 pertingere

232 2754 317 2814 posse
346 2752 406 2793 non
435 2732 523 2792 sinat
568 2730 633 2794 Nec
661 2731 742 2792 enirn
770 2731 872 2793 animo
893 2731 971 2794 clsbi
993 2742 1102 2814 petest,
1121 2756 1195 2818 qus·

233 2828 302 2886 litor
330 2826 404 2884 milri
435 2825 622 2904 responderit
650 2845 716 2884 cum
745 2826 875 2902 quadarn
904 2827 968 2886 vioe
996 2829 1082 2888 illurn
1109 2850 1196 2911 roga·

233 2939 305 2991 rem,
326 2924 362 2978 ut
390 2918 469 2981 sieut
496 2917 529 2977 in
558 2917 626 2977 imis
647 2936 694 2977 mc
719 2922 887 2978 consortem
909 2916 1019 2980 laboris
1040 2919 1197 2996 habuerat,

233 3015 278 3076 ita
306 3021 337 3075 et
365 3016 397 3073 in
426 3014 541 3093 superis
569 3011 745 3093 participem
773 3033 836 3074 sum
864 3014 1074 3078 retributionis
1099 3018 1197 3081 allice·

234 3114 287 3166 ret
330 3105 384 3163 Ait
412 3124 519 3183 nempe
549 3104 578 3162 id
607 3123 639 3163 so
667 3103 787 3181 quidem
818 3104 948 3165 libenter
974 3125 1010 3167 sc
1037 3107 1106 3168 lsctc
1133 3110 1197 3173 isc·

235 3206 346 3269 turum,
374 3197 563 3277 providerem
592 3195 780 3259 solummodo
814 3216 851 3258 ne
887 3196 919 3258 in
947 3197 1006 3261 hoc
1031 3219 1081 3263 ms
1107 3202 1196 3267 ninii

236 3293 376 3371 ponderis
398 3293 533 3351 lacerem.
576 3290 688 3368 Inque
709 3291 735 3349 si
756 3296 945 3369 peccatorum
967 3313 1101 3355 meorum
1121 3316 1196 3377 pcn-

235 3383 292 3441 dus
318 3381 394 3459 justi
415 3380 534 3442 Judicis
561 3381 688 3459 aequitas
716 3381 829 3460 pietate
853 3382 989 3444 remota·
1007 3386 1196 3466 appenderit,

269 3639 503 3701 mormorion
770 3652 1198 3721 ssmmflnqonmb

257 3712 277 3769 ‚¹
288 3712 448 3775 semetipum]
471 3709 629 3772 nemetim
650 3710 695 3758 Ed·
739 3725 790 3774 ug,

236 3786 428 3911 mlllillisffl.
771 3818 1123 3884 ''¹¹‘'“mlffl'52

269 3924 371 3985 ἀνω]
386 3923 508 3970 ΝοῑίυΚ.
772 3913 1132 3978 ’ΜΙΝΙΙΉΙΙΙΙἊΙ

238 3996 463 4111 Μζιὺιοὸοαίιαθίι]
492 3996 530 4044 On
557 4008 650 4044 erum
673 3997 697 4043 ln
773 4010 1184 4073 umquam-bk*-
