3136 4890
84 425 125 485 26
302 434 452 484 rnaronn
472 433 629 484 uovonuu
652 435 687 482 rr
708 432 836 482 anuum.

84 631 155 673 curn
176 613 214 672 de
235 611 291 673 hac
310 612 377 671 vita
395 611 562 671 tranrlatus
583 611 698 681 tutaret,
719 628 811 689 quam
841 610 943 690 gravia
972 611 1052 672 ealo-

85 705 178 766 nritaa
213 724 252 766 ex
286 703 371 766 obitu
401 703 482 764 illius
513 701 651 765 ecclosias
683 702 804 785 Anglim
836 704 1052 782 devastaverit,

1 800 57 834 '¹¹
86 799 187 864 multu
206 799 470 883 practer-mittendo,
492 798 598 880 paucis
625 799 783 863 ostendere
804 799 928 882 placuit
970 800 1051 864 Con-

88 899 190 961 festim
210 899 290 960 enim
311 917 363 958 rex
385 896 463 957 sorar
491 889 640 977 expressit
659 897 740 976 quod
772 897 806 958 in
836 917 891 959 ouo
921 903 1050 978 pectore,

86 997 141 1061 illo
160 997 291 1071 vivente,
311 994 465 1059 confotum
486 993 603 1060 babuit.
646 994 728 1081 Nam
749 1015 830 1069 mcx,
851 1000 887 1059 ut
907 994 1050 1079 alioqum
1139 1067 1141 1071 y

83 1115 241 1178 perperam
260 1095 354 1177 gamit
374 1094 522 1166 omittam,
538 1094 634 1175 ipsam
649 1095 744 1156 totius
758 1095 888 1174 Anglim,
903 1095 1051 1159 Scottim¹

82 1197 116 1252 ct
148 1188 311 1259 Hiberniae,
346 1207 438 1249 necne
454 1186 674 1265 ¹adjacentium
710 1187 877 1248 insularum
913 1194 1050 1261 matrem,
1111 1220 1113 1223 ·

82 1282 236 1348 eccleciam
271 1281 384 1346 scilieet
406 1280 655 1343 liantucrionsem
691 1279 813 1356 invadit,
842 1288 952 1345 cuncto
982 1305 1050 1365 qum

79 1379 159 1460 juria
194 1377 274 1438 illiue
308 1381 396 1438 erant
426 1376 511 1437 intua
546 1381 578 1437 et
613 1381 702 1438 extm
736 1396 790 1456 per
825 1377 950 1439 clientes
980 1399 1050 1440 nuos

84 1471 214 1534 describi
245 1470 395 1550 praecepit,
426 1473 591 1549 taxatoque
613 1469 697 1531 victu
727 1470 941 1531 monachornm
973 1471 1050 1533 inibi

85 1564 153 1627 Deo
171 1559 405 1636 famulantium,²
426 1561 542 1643 reliqua
564 1561 621 1623 sub
641 1581 765 1625 censum
791 1569 883 1644 nique
906 1565 938 1624 in
960 1585 1048 1626 sunm

84 1659 254 1719 dominium
275 1657 369 1736 redigi
395 1656 495 1735 jussit
539 1655 625 1718 Fecit
654 1677 725 1736 ergo
756 1658 912 1718 ecelesiam
933 1658 1049 1721 Christi

85 1751 232 1821 venalem,
248 1750 299 1828 jus
321 1750 352 1808 in
373 1768 410 1809 oa
429 1748 607 1808 dominandi
629 1768 692 1827 pne
713 1749 829 1809 emicrin
844 1748 889 1808 illi
906 1749 1050 1821 tribuens,

51 1871 56 1878 ¹
84 1844 138 1925 qui
169 1843 208 1904 od
237 1840 451 1903 detrimentum
486 1840 550 1920 ejus
586 1840 618 1900 in
656 1840 755 1903 dendo
790 1842 921 1923 pretinm
956 1843 1050 1904 alium

83 1936 255 2018 eupemlat
312 1934 402 1996 Unde
437 1933 546 1994 mia-cm
580 1935 764 1996 enoeeariono
800 1936 927 2014 ningulio
962 1938 1050 1998 annio

84 2030 216 2111 pretium
236 2027 447 2088 renovabatur.
490 2024 615 2086 Nullam
647 2026 797 2105 siquidem
818 2030 1049 2091 conventionem

85 2144 139 2185 rex
160 2121 300 2184 itabilem
324 2139 388 2182 carc
416 2117 542 2190 sinebat,
565 2118 617 2179 sod
648 2118 701 2199 qui
733 2119 821 2200 plura
851 2121 1050 2203 promittebat

85 2215 266 2280 excludebat
280 2214 380 2274 minue
395 2213 527 2282 «lantoni,
542 2211 600 2272 nisi
616 2212 693 2273 sorte
707 2213 746 2273 ad
762 2213 792 2273 id
808 2215 889 2293 quod
904 2219 1050 2295 posterior
1131 2224 1133 2227 ’

85 2308 239 2379 offerebat,
260 2307 357 2388 prima
377 2305 576 2368 conventione
598 2311 735 2377 vacuata,
756 2306 839 2387 prior
869 2316 1049 2391 assurgeret.

85 2402 209 2466 Videroe
230 2397 352 2484 insuper
371 2399 515 2482 quotidie,
537 2405 639 2482 spreta
669 2419 824 2464 serrorum
856 2402 914 2465 Dei
946 2405 1046 2488 religi-

85 2519 302 2579 coenumque
331 2497 559 2559 nefandissimos
589 2495 746 2557 bominum
777 2497 873 2577 region
903 2501 1044 2578 pecunias

85 2593 240 2673 exigentes
274 2610 328 2672 per
361 2591 494 2655 claustm
522 2590 697 2650 monasterii
734 2596 821 2651 torro
850 2590 905 2653 ιιι8
933 2592 1043 2656 minaei

84 2689 174 2750 uultu
194 2687 361 2769 procedere,
382 2686 453 2749 lrino
475 2685 567 2747 inde⁴
588 2687 757 2768 praecipere,
772 2686 870 2748 minas
884 2687 1044 2762 intentare,

85 2783 321 2846 dominationem
342 2781 569 2862 potentiamque
590 2801 676 2841 enam
698 2782 730 2841 in
746 2781 924 2842 immensum
946 2789 1047 2845 oeten·

86 2885 159 2940 tare.
202 2875 270 2951 Qua
289 2875 328 2936 do
348 2895 380 2936 ro
401 2894 469 2954 qum
490 2873 538 2935 vol
560 2879 636 2954 quot
664 2875 813 2947 scandala
838 2875 1046 2953 dissentiones,

86 2969 323 3033 inordinationes
343 2976 417 3032 ortm
438 2968 509 3042 sint,
541 2967 690 3030 reminisci
721 2968 812 3049 pigot
854 2969 953 3051 Super
981 2971 1047 3037 haec

86 3065 213 3147 quidam
242 3064 337 3142 ipsius
369 3062 500 3125 ecelcairo
529 3062 676 3132 monaehi,
706 3063 793 3122 malie
826 3063 1168 3144 ingruentibuo,rlarr.aa
1221 3079 1223 3082 ·

87 3156 215 3239 disponi
244 3175 279 3218 ae
299 3154 383 3217 missi
413 3162 487 3217 sunt
513 3156 552 3217 ad
573 3154 635 3217 elic
655 3156 845 3229 monasterio,
866 3159 970 3240 etqui
999 3180 1046 3224 ro·

85 3253 153 3317 licti
183 3249 294 3311 multuo
315 3249 394 3330 pacni
413 3235 627 3311 tribunciones
656 3255 689 3311 et
719 3250 907 3332 impmperia
964 3254 1046 3329 Quid

85 3347 127 3408 do
157 3341 329 3404 hominibus
356 3341 486 3403 cocleuim
514 3341 621 3412 dicum,
648 3342 785 3420 quitum
807 3350 895 3406 rasta
926 3345 1047 3409 miseria

85 3439 257 3519 miseraque
291 3435 461 3499 vulatione
496 3441 569 3498 eunt
602 3436 711 3511 attriti,
746 3443 783 3499 ut
816 3438 996 3516 dubitarem,
1019 3444 1046 3506 ui

84 3533 249 3615 aequantia
269 3530 348 3592 mala
368 3550 429 3590 non
450 3536 557 3601 omont,
577 3549 618 3591 an
639 3530 724 3592 calva
743 3532 810 3594 rito
830 3533 950 3596 illorum
978 3554 1045 3618 poo-

84 3635 158 3695 neat
178 3625 317 3688 micoriue
336 3624 450 3685 atterit
492 3622 556 3686 Nec
586 3624 646 3686 icta
676 3644 743 3704 qum
763 3624 891 3689 dieimm
921 3628 955 3690 in
983 3631 1048 3695 aolc

81 3721 213 3790 oedoeia
244 3716 454 3781 Cmtuarionai
483 3717 564 3781 iacta
592 3723 673 3780 runt
715 3718 853 3782 Desaerit
872 3720 1047 3790 immanitas

112 3955 123 3991 ¹
136 3948 248 4012 uria]
261 3949 350 4005 Mla,
361 3948 391 3997 Α.
618 3948 628 3979 ⁸
639 3947 680 4011 oe]
692 3956 724 4005 ot.
735 3950 766 3998 A.

110 4021 310 4090 asadada]
321 4020 477 4077 mnndum,
488 4019 518 4069 Α.
619 4021 628 4052 ¹
639 4020 691 4070 tine
701 4021 766 4086 inde]
778 4022 896 4081 mande.
907 4024 940 4075 A.
