3136 4890
109 632 113 641 .
186 576 245 636 250
398 585 548 635 mernere
569 585 727 635 roronem
749 584 785 633 ιιι
805 582 932 633 ereren

184 763 271 841 peter
291 757 440 822 Redulsue
469 759 567 819 Rome
596 773 735 819 reversus
763 774 832 820 eure
862 775 931 838 rege
960 755 1092 820 Henrieo
1113 756 1147 818 in

185 850 395 917 Νοιιιιιιιιιιίιι
426 856 663 926 conversaretur,
690 856 723 912 et
751 870 808 922 me,
836 849 888 931 qui
915 850 1077 913 eontineue
1097 870 1147 913 ee·
1247 900 1248 903 ,

184 964 247 1008 mee
268 944 357 1006 Beati
377 943 516 1006 Aneelmi
537 943 610 1004 durn
633 942 755 1004 viveret
773 961 838 1005 esee
866 940 1008 1018 michem,
1032 941 1146 1023 quiquo

184 1038 218 1101 in
237 1036 379 1121 obsequio
399 1037 446 1099 eui
468 1037 563 1120 ipsius
583 1055 701 1118 exque
721 1037 755 1099 in
775 1035 987 1119 pontificatum
1008 1035 1146 1100 Centen-

184 1133 312 1196 rieneem
332 1139 504 1215 eeeumptue
523 1133 625 1194 iuerat
655 1151 786 1213 eousque
816 1131 957 1193 eesidnee
977 1150 1068 1204 erem,
1088 1132 1146 1194 eli·

183 1232 331 1308 quantem
366 1226 512 1288 infirmari
546 1226 726 1299 adverteret,
762 1231 890 1306 paterne
922 1225 1033 1288 effectu
1068 1223 1145 1287 rnihi
1189 1276 1196 1280 „

181 1320 342 1385 eondoleit
384 1319 456 1383 Noe
485 1320 580 1402 igitur
607 1325 695 1383 extre
721 1319 878 1384 eeclesiam
903 1319 936 1382 in
957 1338 1018 1402 que
1034 1318 1077 1387 ,eb
1098 1318 1145 1381 ie·

182 1415 282 1478 inertie
301 1415 436 1476 nutritus
457 1415 574 1477 tuerere
588 1415 691 1495 aliquo
711 1413 881 1477 memoriis
901 1412 1035 1494 periculo
1048 1413 1145 1493 premi

185 1507 336 1571 elleteeue
356 1507 517 1580 sustinens,
531 1506 727 1571 Centueriem
748 1504 825 1568 mihi
846 1505 884 1568 iri
905 1505 1003 1570 eueeit
1021 1525 1057 1570 ee
1077 1526 1145 1588 per·

183 1603 286 1677 euenit,
314 1603 446 1666 scribent
480 1623 535 1684 pm
566 1602 702 1664 bonitate
733 1620 788 1664 ene
817 1604 982 1666 conventui
1014 1603 1145 1665 teatrum

183 1697 314 1760 ereleeim
334 1701 445 1760 noetrre
465 1697 624 1780 epistolem
653 1697 740 1769 hene,
761 1703 794 1759 et
813 1716 868 1780 per
887 1716 977 1759 suem
997 1696 1144 1759 nuncium

185 1793 324 1876 dirigens.
384 1857 387 1865 ,

226 1950 411 2008 Dileetieeimie
425 1952 549 2003 sretriber
563 1957 643 2018 etque
657 1948 729 2013 erite,
744 1949 866 2003 Oenmde
880 1951 972 2020 priori,
987 1951 1145 2022 eaeterisque
1155 1957 1280 2012 lem

184 2037 268 2091 eervie
289 2033 338 2088 Dei
353 2033 398 2103 qni
419 2041 483 2086 rent
503 2032 655 2085 Centeerier
675 2032 704 2084 in
725 2032 835 2086 eecleeie
849 2032 960 2098 Christi,
976 2034 1144 2091 fldeiieeimne

185 2136 275 2174 eorum
298 2120 380 2171 freter
398 2116 536 2177 liedulfus,
550 2113 668 2181 ejusdem
689 2114 808 2168 eceleeim
831 2117 968 2185 presbyter
980 2125 1009 2172 et
1021 2118 1145 2173 minister

183 2203 303 2257 deretur.
325 2200 437 2250 eeletere
457 2204 486 2249 et
506 2212 622 2248 emerem
643 2212 705 2248 enm
726 2196 938 2251 benedictionem
960 2200 1009 2252 Dei
1030 2204 1060 2252 et
1079 2216 1134 2254 rue.

224 2280 361 2335 Deeiderio
374 2277 520 2332 deridereri
535 2277 625 2331 ridere
639 2277 719 2330 ieeiee
732 2286 842 2341 reetree.
856 2285 886 2334 et
898 2297 929 2333 eo
942 2280 1058 2351 emplius
1071 2281 1144 2351 qnod

183 2363 366 2418 existimebem
380 2378 427 2414 ree
447 2361 616 2429 aliquetenus
636 2360 748 2413 deeoleri
771 2378 850 2429 enper
863 2363 1017 2430 prolixitate
1031 2382 1143 2420 meroem

185 2443 404 2514 peregrinetierrie
429 2460 503 2496 mere.
544 2443 588 2494 Ad
609 2458 655 2494 roe
677 2442 761 2509 igiter
774 2450 903 2496 ventures
925 2444 954 2498 in
976 2447 1061 2510 brevi,
1076 2462 1142 2515 pret·

185 2527 263 2581 mitto
283 2525 358 2581 rebie
377 2526 485 2579 iretrem
508 2530 535 2578 et
557 2525 673 2578 emicem
693 2530 814 2578 eoetmm
825 2527 960 2581 Demnnm
975 2519 1145 2593 Ειὶιιιοιιιιιι,1

183 2609 303 2665 emnium
328 2610 447 2663 leborem
470 2614 498 2662 et
521 2613 628 2661 eetnnm
651 2614 802 2661 nostrornm
825 2611 960 2664 eonreium
982 2617 1011 2664 et
1031 2612 1143 2677 eeeium,
1226 2601 1232 2611 ’

184 2695 230 2761 qni
244 2709 290 2747 eor
302 2698 423 2745 nentrum
438 2691 513 2742 nobie
527 2688 661 2743 deendere
676 2682 817 2741 tenditee³
831 2697 925 2759 petest,
939 2699 968 2745 et
980 2694 1144 2747 enucleatius

183 2774 273 2829 erneie
287 2791 347 2845 qum
367 2773 438 2827 eiree
458 2788 501 2824 me
522 2779 647 2839 egenter,
661 2788 773 2840 nemque
786 2771 910 2827 desiderii
924 2775 977 2829 mei
992 2775 1056 2840 rint,
1070 2794 1143 2833 rere·

184 2859 247 2921 lem,
263 2874 344 2927 quem
365 2854 445 2909 elicui
470 2855 570 2923 eeripto
591 2855 697 2907 eredere
716 2853 902 2918 jndieererim.
945 2858 1041 2910 Preeer
1054 2864 1143 2913 entem

184 2939 315 3001 obnixius,
330 2945 361 2991 nt
374 2937 474 3005 gratier
488 2936 513 2989 ei
528 2936 624 2990 referre
645 2935 727 2988 remei
740 2941 768 2988 et
781 2953 851 3004 empe
872 2937 1081 2991 reminieeerniei
1095 2957 1144 3009 pro

184 3022 293 3076 retritie
306 3028 334 3076 et
347 3020 447 3073 honore
461 3017 531 3088 qnod
552 3017 620 3071 mitri
641 3034 672 3071 er
694 3033 783 3071 emere
800 3035 872 3082 rere,
887 3028 919 3072 nt
932 3019 974 3073 vir
987 3021 1103 3090 pmdeee
1116 3030 1145 3077 et
1218 3080 1221 3087 ,

184 3105 324 3172 perieetnr,
337 3102 477 3161 exhibuit:
492 3117 539 3168 pro
555 3101 642 3152 lebere
655 3106 684 3152 et
696 3115 776 3151 onere
790 3101 861 3167 qnod
874 3102 932 3153 eine
946 3119 1082 3156 murmure
1095 3121 1144 3172 pre

184 3201 227 3239 me
249 3190 369 3244 merere,
384 3197 432 3250 pro
452 3199 479 3234 ee
500 3196 564 3234 rere
583 3180 652 3232 nihil
674 3187 783 3248 qneetee
801 3179 937 3235 enetinnit
980 3184 1143 3240 Mementote

184 3282 250 3335 erge
262 3272 294 3320 et
307 3265 347 3319 iili
362 3280 452 3335 perem
473 3262 587 3332 gretiern
608 3262 738 3325 reseretis.
753 3264 922 3320 ostendentes
943 3266 1010 3320 mihi
1024 3284 1142 3324 emerem

185 3366 264 3417 quem
277 3365 341 3416 erge
354 3365 397 3401 me
417 3347 529 3407 hebetis.
553 3347 698 3400 eerrientee
710 3343 746 3407 ei,
761 3352 789 3399 et
802 3363 862 3400 enm
888 3349 1015 3403 honorem
1029 3356 1058 3404 et
1070 3367 1142 3405 emo·

186 3447 242 3485 rem
257 3430 439 3498 impendentee
453 3444 532 3496 quem
547 3428 613 3480 mihi
628 3426 781 3495 impendere
794 3430 935 3497 cuperetis¹
950 3431 1063 3486 seientes
1076 3449 1143 3501 qne·

186 3513 259 3567 niem
280 3511 338 3579 ejne
359 3510 506 3563 ebeentiem
531 3500 624 3578 ιιιςιιιο
638 3509 765 3572 mutinen,
785 3510 831 3581 ned
852 3513 949 3566 terruit
968 3530 1012 3568 me
1033 3514 1143 3584 quidem

185 3593 261 3665 quui
274 3593 440 3646 temerentur
454 3591 526 3644 illine
547 3590 711 3644 inde-mimir
725 3607 778 3659 qne
797 3592 934 3660 preterito
947 3611 1019 3649 enno
1032 3603 1144 3650 vexetur

185 3682 236 3740 eet,
249 3673 325 3744 enjne
338 3672 377 3728 rei
391 3672 478 3742 gretie
498 3688 558 3726 enm
573 3671 736 3743 premittene
756 3680 862 3728 eeeetnr
877 3691 944 3731 enm.
987 3677 1043 3736 Vee
1057 3674 1143 3749 igiter

216 3974 223 4008 ¹
234 3970 395 4034 timete]
409 3971 584 4030 Nomentum,
594 3973 626 4022 Δ.
684 3947 799 4069 ιὲζῖζ
808 3948 1053 4080 zzmffim]
1065 3953 1143 4005 '⁸⁰⁶³-

215 4062 433 4126 2nem1ne.
715 4079 953 4147 «mmm
