3136 4890
219 505 305 586 '218
462 515 611 587 nimomi
631 518 790 589 novenum
810 540 847 587 m
867 540 995 589 metra

87 712 202 764 ¹¹¹¹*-
285 711 402 792 Utique
436 730 504 782 eum
539 711 619 773 idom
653 711 816 773 anselmus
850 712 950 793 primo
991 709 1207 794 pontificatum
1220 727 1343 783 naua
1433 729 1436 738 ⁴

86 760 172 849 a
247 803 493 867 cantuariensem
523 825 623 886 regere
652 806 838 887 innupsisset
860 807 904 869 ita
926 825 1030 869 omnes
1052 811 1148 867 terras
1168 804 1209 866 ad

245 896 343 978 ipsum
369 897 526 985 honorem.
540 899 726 979 pertinentes
747 903 882 962 vastatas
904 898 1028 961 invenit
1049 904 1081 961 et
1103 917 1208 961 omnes
1260 952 1266 959 .

245 990 385 1052 redditus
400 1013 419 1052 a
439 990 600 1066 willelmo,
628 992 691 1054 filio
720 993 843 1073 majoris
875 992 1021 1054 willelmi
1053 991 1141 1074 regis,
1162 991 1209 1053 di·

244 1080 354 1165 reptos,
374 1090 411 1145 ut
429 1079 511 1147 undo
534 1085 719 1159 subsisteret,
740 1093 813 1148 nota
845 1085 959 1168 loquor,
980 1105 1043 1147 nen
1073 1085 1208 1147 haberet.

245 1177 343 1253 Quam
374 1179 414 1241 ob
444 1199 506 1240 rem
538 1179 698 1241 fraudatus
727 1180 897 1242 redditibus
931 1178 1045 1261 quibus
1076 1199 1096 1241 a
1130 1179 1209 1241 festo

246 1271 349 1335 Sancti
380 1272 542 1346 Michaelis,
573 1292 644 1335 nam
676 1274 767 1355 paulo
796 1280 868 1337 ante
899 1274 957 1337 hoe
988 1273 1101 1364 testum
1128 1271 1209 1334 Oan-
1252 1301 1254 1304 ·

246 1366 376 1426 tuariam
397 1371 644 1446 veneratusque
666 1368 698 1428 in
724 1368 929 1429 Nativitatem
951 1366 1081 1427 Domini
1103 1365 1207 1428 vivere

245 1457 393 1530 debebat,¹
414 1478 531 1520 summa
559 1459 737 1520 necessitate
766 1464 895 1532 coaetus,
916 1459 954 1521 de
975 1460 1013 1519 iis
1034 1459 1146 1539 quibus
1166 1454 1206 1519 ab

246 1549 311 1629 ipsa
330 1549 510 1612 solennitate
533 1571 628 1631 usquo
649 1552 682 1612 in
711 1551 827 1614 Pascha
846 1552 984 1614 victurus
1005 1557 1071 1612 erat
1091 1551 1209 1612 vietum
1231 1628 1235 1638 Ι

178 1682 180 1685 .
247 1640 304 1704 sibi
339 1643 504 1704 ministrari
540 1642 674 1706 faciebat
717 1644 827 1725 Sieque
863 1643 1112 1725 subsequentium
1147 1647 1208 1704 ter·

246 1736 395 1798 minorum
417 1736 552 1798 redditus
574 1737 606 1797 in
628 1738 866 1818 praecedentibus
898 1737 1036 1799 terminis
1057 1735 1208 1818 paulatim

246 1834 278 1890 et
297 1830 426 1892 discreto
454 1831 656 1893 moderamine
685 1831 891 1903 sumansuh:
921 1831 1012 1892 tertio
1032 1830 1080 1891 sui
1102 1829 1209 1891 introi·
1293 1855 1298 1877 ·

246 1927 295 1986 tus
322 1925 462 1995 ennead
486 1931 600 1986 statum
621 1944 640 1986 a
661 1922 927 2005 prmdeeessoribus
956 1923 1021 1984 suis
1050 1926 1204 1984 statutum

245 2016 278 2076 in
307 2016 355 2078 his
384 2019 553 2098 pertingere
581 2018 689 2097 potuit
741 2016 822 2090 Quid
857 2020 961 2077 autem
993 2014 1207 2097 angustiarum

245 2116 352 2189 praeter
381 2111 435 2172 has
464 2130 483 2172 a
514 2130 582 2192 rego
614 2107 766 2170 Willelmo
796 2113 827 2170 ot
856 2110 919 2170 suis
948 2127 1055 2190 passus
1085 2108 1127 2169 sit
1154 2128 1208 2190 per

244 2203 310 2264 illos
330 2209 391 2265 tres
411 2210 444 2265 et
463 2208 571 2284 ‹puarto
591 2203 645 2284 qui
674 2204 853 2265 subsecutus
874 2208 921 2264 est
941 2222 1031 2276 anno,
1053 2202 1087 2263 in
1109 2202 1208 2283 primo

243 2301 274 2357 et
301 2296 431 2359 meando
462 2296 626 2359 nominatae
658 2296 803 2359 Historiae
833 2296 918 2369 libro,
950 2301 1059 2378 utpote
1080 2296 1133 2377 qui
1165 2295 1209 2357 eis
1316 2319 1318 2322 ·

242 2389 391 2463 affuimus,
412 2391 566 2451 nonnullis
587 2391 773 2472 digessimus.
816 2390 867 2451 Ita
897 2388 993 2471 igitur
1022 2390 1055 2450 in
1081 2387 1209 2450 tribula·

244 2483 326 2545 tione
346 2490 378 2545 et
397 2484 491 2547 atroei
513 2484 719 2565 perseeutione
751 2486 885 2564 quatuor
913 2483 1002 2544 annis
1032 2482 1066 2543 in
1095 2481 1210 2563 Anglia
1237 2484 1239 2488 ’

244 2576 362 2658 degens,
394 2578 502 2658 quinto
533 2577 636 2658 pulsus
667 2578 706 2638 ab
737 2576 843 2639 eodem
874 2595 945 2658 rego
975 2582 1029 2650 est,
1061 2581 1093 2637 et
1125 2581 1209 2637 totus
1246 2631 1249 2634 .

243 2670 514 2752 archiepiscopatus
536 2673 723 2741 invenisne
752 2691 805 2751 pur
828 2676 889 2731 tres
919 2669 1081 2731 continuos
1104 2687 1208 2741 annos,

244 2763 300 2827 hoe
330 2769 384 2836 est,
415 2765 509 2825 donee
538 2784 592 2824 rex
624 2763 704 2824 idem
733 2763 846 2843 sagitto
877 2762 1026 2834 interiit'
1046 2781 1142 2841 usque
1177 2763 1210 2821 in

243 2856 422 2917 immensum
444 2862 589 2918 vastatus.
632 2855 793 2917 Anselmus
815 2876 886 2918 vero
919 2857 1001 2916 inter
1021 2855 1086 2917 haee
1107 2855 1209 2935 patria

243 2949 424 3024 eliminatus,
445 2951 518 3010 dum
548 2949 628 3010 unde
660 2970 691 3011 se
722 2970 852 3030 auosque
883 2955 1059 3031 procuraret
1087 2949 1124 3009 de
1146 2949 1210 3008 suis

244 3042 283 3104 ab
304 3043 415 3126 Anglia
436 3044 480 3104 nil
500 3042 610 3105 habere
631 3049 804 3116 mereretur,
826 3044 866 3105 ab
887 3043 1021 3105 externis
1042 3043 1210 3105 necessaria

245 3143 402 3197 mutuatus
429 3144 483 3208 ost,
518 3135 623 3197 nolens
657 3136 778 3216 quidem
814 3135 918 3218 gravis
954 3155 1018 3197 esse
1052 3135 1101 3195 his
1135 3154 1211 3215 quos

247 3228 346 3290 inter*
366 3231 547 3301 morabatur,
568 3248 623 3292 nee
651 3231 746 3311 gratis
775 3231 907 3311 aoeipere
936 3230 1038 3291 omnia
1062 3248 1131 3308 quae
1151 3228 1210 3289 sibi
1223 3228 1342 3279 ΠΜ*

245 3323 453 3385 offerebantur.
496 3323 614 3386 Deinde
643 3330 800 3386 revoeatua
833 3343 853 3386 a
881 3343 951 3404 rege
984 3323 1127 3396 Henrieo,
1156 3322 1209 3402 qui

246 3415 278 3476 in
299 3434 423 3497 ragnum
444 3416 532 3479 tratri
553 3423 742 3490 sueeesserat,
764 3423 797 3480 ot
816 3438 865 3479 res
886 3437 956 3480 suas
980 3417 1013 3478 in
1034 3435 1209 3498 supremam

246 3517 454 3591 paupertatem
469 3512 603 3573 redactos
624 3511 764 3593 repperit
785 3516 818 3574 et
839 3517 997 3574 exactores
1012 3510 1210 3594 pecuniarum

247 3623 322 3685 quas
351 3610 458 3665 mutuo
486 3618 639 3686 acceperat
670 3606 708 3667 de
738 3612 823 3669 trans
855 3627 938 3669 mare
959 3606 1096 3687 quotidie
1125 3604 1211 3667 veni·

248 3703 334 3758 entes
368 3716 477 3758 vaeuos
512 3718 530 3758 a
564 3718 594 3759 se
626 3698 790 3772 dimittere,
825 3699 1015 3762 eonsiderata
1055 3699 1210 3780 aequitate,

247 3789 406 3851 honestum
427 3811 490 3853 esse
511 3811 572 3852 non
596 3792 762 3873 judicabat.
807 3793 840 3855 Si
870 3793 904 3854 in
925 3793 993 3855 istis
1014 3793 1210 3876 angustiaba-

279 4090 404 4156 mauu]
417 4091 547 4149 eausam
724 4095 730 4158 ι
773 4092 932 4160 *pusaeo
945 4093 1125 4158 unq-na
