3136 4890
178 398 194 448 Κ
272 387 282 406 .

100 517 121 605 ‘.
201 555 287 636 ,94⁷
442 565 591 617 meroem
610 562 768 616 sovoaoa
790 564 826 615 nr
846 562 974 616 assare

90 760 203 810 usna
226 748 259 804 et
277 742 397 825 argenti
429 742 562 822 pondere
593 745 747 814 onustum,
768 759 853 802 mare
883 738 1037 811 trmsisse,
1058 736 1188 800 Romam

226 856 358 920 pergere.
400 835 527 900 Aeeensi
547 853 620 917 argo
640 833 782 896 nonnulli
811 832 983 916 eupiditate
1013 851 1077 895 non
1106 830 1189 893 bona

226 931 308 993 riam
338 928 511 1002 observant,
530 929 740 1016 exploratores
759 935 889 1010 ponunt,
910 925 1036 1009 laqueos
1055 921 1190 1008 parant¹
1222 1007 1228 1013 ι

205 1030 265 1087 nt
290 1044 360 1087 eum
391 1024 522 1106 eapiant
565 1023 625 1085 His
656 1031 761 1086 tamen
792 1022 1019 1105 quammaxime
1049 1018 1190 1085 homines

229 1118 421 1182 Alamannici
453 1118 532 1200 regis
562 1117 772 1193 intendebant,
800 1119 840 1180 ob
870 1117 1090 1180 dissentionem
1120 1132 1191 1195 qum
1238 1150 1258 1199 ,Ι

228 1212 329 1275 luerat
348 1212 409 1274 illis
429 1212 538 1274 diebus
558 1210 639 1273 inter
667 1230 779 1293 papem
809 1217 843 1274 et
862 1211 972 1292 ipsnm
1024 1209 1191 1290 Supererat

228 1326 348 1387 qnoque
376 1328 412 1369 ea
442 1311 624 1387 tempestato
659 1305 817 1369 Wibortns
852 1304 1099 1388 arehiepisoopns
1128 1302 1189 1364 Ra·

228 1418 352 1475 vennae,
372 1399 435 1480 qui,
455 1401 493 1461 de
514 1399 687 1480 apostolatu
707 1420 799 1480 quem
826 1405 934 1463 eontra
958 1399 1011 1480 jns
1032 1399 1190 1460 invaserat

229 1492 342 1574 pulsus,
363 1492 446 1555 omni
466 1492 614 1573 religiosae
635 1511 772 1573 persone)
792 1491 922 1555 Romam
943 1491 1062 1572 petenti
1082 1509 1138 1572 per
1157 1507 1190 1551 so

175 1604 179 1610 ·
228 1605 356 1667 suosque
376 1586 474 1649 modis
494 1586 605 1666 quibes
625 1591 748 1667 poterat
766 1585 906 1648 struebat
925 1585 1061 1647 insidias
1097 1581 1190 1646 Unde

13 1675 18 1683 ’
124 1714 126 1718 -
229 1680 354 1759 quidam
380 1680 522 1761 episcopi,
542 1678 694 1751 monaehi,
714 1683 747 1741 et
774 1679 909 1760 religiosi
937 1677 1049 1751 elerici,
1069 1696 1106 1739 ea
1133 1695 1190 1738 sae·

229 1773 334 1836 viante
363 1773 582 1855 perseeutione,
609 1772 701 1854 eapti,
722 1772 856 1854 spoliati,
875 1770 1054 1852 'multisque
1082 1774 1190 1834 oontn·

113 1880 115 1884 ‘
229 1868 328 1931 meliis
348 1869 459 1941 allecti,
479 1869 581 1930 neeati
602 1872 684 1929 sunt
726 1866 788 1948 Spe
809 1867 906 1949 igitur
925 1865 1061 1929 maxima
1080 1883 1190 1926 manns

230 1963 338 2044 iniqua
357 1964 416 2025 sibi
445 1964 559 2026 confisa
589 1967 638 2023 est
665 1961 759 2022 simili
791 1981 951 2043 poenarum
980 1980 1091 2043 genere
1121 1978 1190 2021 sese

230 2056 408 2118 Anselmum
437 2056 661 2118 damnatorem.
714 2054 775 2116 Sed
804 2053 865 2127 ille,
885 2059 922 2116 ut
942 2054 1088 2127 diximus,
1108 2051 1190 2134 Lug·

173 2197 176 2204 .
231 2149 307 2210 duni
328 2148 482 2221 remansit,
502 2148 635 2209 reditum
656 2146 837 2210 nunciorum
868 2167 992 2209 suornm
1024 2147 1068 2208 ibi
1097 2165 1191 2228 oppe·
1276 2224 1278 2231 A

229 2241 318 2304 riens.
369 2241 446 2303 Cum
468 2261 540 2302 vero
560 2239 765 2321 malignantes
787 2241 833 2301 illi
853 2260 969 2303 moram
990 2260 1030 2303 ex
1051 2241 1191 2303 adventu

207 2335 294 2415 ,ejus
323 2339 411 2397 extra
441 2354 525 2416 spem
554 2340 740 2415 paterentur,
761 2333 937 2398 didicerunt
966 2353 986 2396 a
1016 2333 1190 2415 peregrinis

228 2447 306 2500 eum,
326 2427 430 2490 valida
453 2428 586 2509 eorporis
607 2428 796 2496 ,infirmitate
827 2433 959 2504 tentum,
989 2447 1013 2491 a
1037 2426 1190 2509 Lugduno
1203 2457 1276 2510 η,

227 2520 357 2602 amplius
376 2540 439 2583 non
470 2523 720 2602 promovendum.
762 2522 852 2600 Quod
873 2522 991 2585 dietum
1009 2522 1187 2603 peregrino·
1201 2505 1243 2551 ω’·

226 2635 294 2676 rum
316 2635 377 2678 non
397 2615 457 2676 fuit
477 2636 515 2677 ex
538 2621 603 2678 toto
624 2615 751 2678 veritati
771 2617 966 2680 eontrarium.
1011 2617 1191 2677 infirmatus

190 2735 193 2740 ·
227 2730 336 2792 nempe
370 2710 478 2784 fuerat,
514 2716 549 2772 ut
584 2711 622 2772 <lo
658 2711 802 2773 sanitatis
837 2710 920 2773 illius
960 2710 1191 2792 recuperatione
1254 2735 1256 2740 ·

120 2798 123 2803 ⁴
227 2805 399 2886 desperatio
429 2824 485 2866 nos
516 2825 578 2865 non
594 2824 705 2884 parva
733 2810 860 2868 teneret
903 2805 972 2894 Quo
1001 2807 1047 2866 illi
1074 2805 1191 2880 audito,

227 2899 413 2961 consternati
434 2901 510 2958 sunt
529 2899 642 2971 animo,
672 2904 704 2958 et
733 2918 825 2978 qnam
856 2900 894 2960 de
913 2898 1053 2960 Anselmi
1074 2898 1190 2959 distur-
1234 2917 1251 2979 j

228 2991 352 3054 batione
372 3011 456 3071 spem
477 2990 640 3063 habebant,
661 2990 869 3072 perdiderunt.
911 2992 1024 3054 Verum
1045 2992 1192 3073 languore

230 3103 340 3166 magna
370 3105 409 3148 ex
436 3089 525 3167 parte
556 3084 664 3166 sopito,
694 3090 726 3147 et
756 3105 878 3149 rumore
907 3086 961 3167 qni
989 3085 1118 3169 populos
1150 3086 1189 3147 do

79 3184 187 3236 mbo·
231 3197 369 3258 proeesse
391 3179 487 3260 ipsius
507 3178 681 3259 repleverat
700 3180 937 3261 eireumqnaque
957 3181 1103 3255 extincto,
1123 3199 1193 3244 eoee

78 3243 187 3368 Ψ
232 3290 307 3350 qnos
336 3272 463 3334 Romam
491 3274 619 3335 miserat
646 3273 753 3337 nnneii
783 3274 923 3348 veniunt,
944 3281 977 3338 et
996 3275 1077 3356 quod
1106 3273 1191 3339 omni

8 3380 14 3394 ·
169 3371 171 3375 ’
232 3366 426 3428 excusatione
453 3366 576 3430 sublata
604 3386 674 3428 enm
703 3369 743 3429 ad
765 3388 797 3430 se
817 3387 899 3450 papa
926 3389 1086 3451 properare
1115 3389 1192 3451 pree·

136 3485 139 3489 ·
232 3459 346 3538 eaperit
364 3460 508 3522 referunt
550 3459 632 3534 Qnid
653 3465 777 3524 mororl
810 3460 939 3524 Nesoina
959 3482 1052 3526 morae
1071 3467 1193 3544 aposto·

231 3549 299 3614 lieis
317 3550 411 3632 jussis
431 3551 579 3628 abaudit,¹
603 3553 664 3617 viee
684 3574 718 3618 se
741 3553 886 3638 perieulis
909 3560 1039 3619 mortem
1057 3576 1112 3639 pro
1125 3555 1192 3621 Deo

232 3663 295 3706 non
314 3645 430 3708 veritus
452 3648 555 3711 tradit

48 3805 53 3815 ,
81 3762 193 3807 mrum
275 3738 472 3803 Discedentes
492 3741 586 3822 igitur
605 3760 626 3805 a
646 3741 796 3824 Lugdnno
822 3742 916 3807 tertia
935 3741 1013 3808 laria
1031 3762 1100 3824 quoe
1119 3748 1193 3808 ante
1275 3739 1278 3748 ⁴

81 3810 209 3952 ’ἥξω
232 3831 428 3898 Dominionm
461 3835 541 3897 diem
576 3837 747 3917 palmarem
766 3841 841 3913 erat,
861 3837 1003 3902 venimus
1032 3837 1068 3899 in
1088 3837 1194 3901 subse·

265 4024 691 4089 'ww‘lfflwinssrw-
735 4023 1192 4095 winetmar-rotrude.
1236 4032 1238 4036 “

232 4097 490 4162 lapsmrproeporaat.
736 4101 864 4154 mn,

263 4170 393 4235 'Ma
427 4171 478 4221 nh·
510 4172 691 4236 mmmm
919 4186 923 4193 ·
