3136 4890
532 605 681 654 ursacius
702 605 861 655 screatus
883 607 918 655 ιιι
939 606 1066 656 assata
1161 660 1164 667 ,
1220 597 1283 661 1³8

316 785 442 847 liberam
474 787 620 847 ciicccrat
664 786 752 861 Quod
783 786 896 849 iactum
923 786 1110 849 laufrancus
1129 786 1283 872 archiepi-
1307 807 1436 859 ussa.

315 900 422 961 scopus
443 880 566 942 moleste
587 881 737 961 accipiens
759 880 858 962 ipsum
880 880 1075 964 prisilcgium
1099 881 1205 945 abbati
1224 883 1281 947 ab·

314 977 412 1045 stulit,
432 996 485 1037 nec
507 976 582 1035 iilud
603 976 631 1036 ei
652 977 711 1036 nisi
732 975 811 1037 circa
824 977 916 1038 finem
932 978 1006 1039 vitas
1026 998 1091 1040 suoe
1111 978 1281 1042 malem

314 1070 453 1148 precibus
474 1076 574 1130 motus
595 1069 719 1130 reddere
741 1070 847 1131 voluit
891 1069 1041 1133 Pressius
1068 1091 1140 1155 ergo
1162 1072 1282 1155 episeo-

313 1181 369 1240 pus
397 1162 604 1242 episcopatum
628 1161 891 1234 Tcoclsordcnsem,
911 1183 963 1223 seu
987 1163 1222 1238 Nomium,
1242 1168 1278 1230 in

311 1255 397 1334 cujus
428 1255 569 1336 parochia
598 1255 701 1315 cadem
733 1255 859 1316 abbatia
892 1276 956 1317 esse
987 1257 1091 1332 scitur,
1121 1277 1177 1320 suo
1200 1259 1274 1339 jars

311 1370 373 1409 non
390 1350 459 1428 jure
481 1349 636 1428 privatum
659 1369 722 1409 csse
746 1370 825 1429 segra
847 1348 965 1421 ferens,¹
986 1357 1023 1411 ut
1049 1351 1192 1425 diximus,
1213 1353 1276 1417 Ro-

312 1461 391 1501 ruam
421 1440 472 1511 ire,
494 1449 526 1501 ct
555 1442 580 1500 si
612 1442 690 1501 forte
721 1448 821 1520 posset
848 1443 880 1501 in
901 1442 1062 1521 antiquam
1089 1445 1275 1524 dignitatem

310 1535 465 1597 ecclesium
507 1536 556 1596 cui
599 1535 781 1615 praesidebat
822 1535 990 1609 restituere,
1032 1534 1274 1604 adminiculante

310 1630 464 1707 inquitate,
484 1628 646 1707 cogitubst
688 1628 748 1687 Hic
770 1629 872 1706 itaque
894 1628 1065 1689 Her-bertus
1085 1649 1164 1702 cum,
1183 1632 1273 1696 rslie·

310 1723 350 1781 tis
380 1722 474 1791 sociis,
505 1720 713 1803 Burgundiam
742 1740 811 1782 curu
841 1721 905 1781 suis
936 1721 1078 1796 venisset,
1108 1730 1142 1786 et
1169 1732 1275 1806 partes

311 1818 520 1897 Lugdunensis
542 1818 705 1897 provincius
734 1816 863 1897 impigcr
883 1817 1045 1899 attigisset,
1066 1819 1274 1902 comproben-

309 1932 359 1970 sus
391 1931 409 1971 a
439 1911 570 1991 quodam
593 1910 742 1980 Guidonc,
763 1910 829 1970 viro
860 1918 1049 1991 praepotente
1077 1930 1113 1974 ae
1133 1913 1197 1976 iero
1217 1922 1274 1989 ast

308 2013 341 2067 ct
361 2007 441 2086 quod
463 2006 500 2067 de
517 2005 628 2086 Augiia
642 2005 799 2085 episcopus
819 2011 906 2078 esset,
922 2005 1064 2088 quodque
1084 2027 1140 2089 pro
1160 2007 1274 2074 &mae

309 2102 423 2160 domini
452 2102 498 2160 sui
530 2101 664 2160 Ansetmi
697 2100 932 2160 Cautuariorum
962 2100 1181 2184 archiepiscopi
1211 2104 1274 2167 Ro-

308 2215 387 2254 maru
410 2194 475 2265 iret,
497 2194 536 2254 ab
564 2193 667 2253 codcur
690 2192 901 2254 calumniatus.
948 2193 1050 2275 Negat
1078 2195 1138 2269 ills,
1159 2216 1216 2260 nee
1242 2201 1272 2262 ei

307 2291 447 2350 creditur.
492 2288 591 2347 Instat
612 2285 751 2366 negando
772 2292 804 2346 et
818 2286 989 2367 dejerando,
1003 2288 1056 2351 secl
1077 2291 1272 2373 sequiqusss

307 2384 441 2444 Tandem
472 2382 598 2463 prolatis
619 2387 791 2441 sauctorum
822 2381 959 2461 reliquiis
986 2402 1077 2464 super
1097 2404 1148 2445 eas
1164 2382 1271 2466 jurare

306 2478 426 2558 cogitur
457 2484 489 2537 ct
517 2495 696 2545 asses-crare,
718 2496 748 2535 sc
774 2475 860 2535 nulls
880 2477 1004 2539 omuino
1025 2477 1144 2540 ratione
1165 2478 1272 2545 Romo

306 2572 435 2629 scienter
456 2570 528 2647 quid
551 2576 699 2638 acturum,
720 2568 801 2645 quod
830 2574 883 2627 sut
909 2568 1017 2628 honori
1038 2575 1095 2629 sut
1115 2571 1272 2635 voluntati

305 2664 401 2743 patris
423 2660 558 2720 Ansclrni
582 2661 677 2719 rideri
704 2667 805 2739 possset
825 2659 998 2720 obnoxium.
1042 2660 1115 2722 Post
1135 2682 1213 2742 qun,
1233 2669 1272 2726 at

305 2777 376 2836 pace
398 2776 433 2816 ae
455 2756 616 2816 securitate
639 2756 695 2813 viri
718 2755 880 2815 comitatus
900 2754 959 2814 visu
980 2754 1066 2816 reddi
1095 2765 1270 2831 mercretur.

306 2850 398 2909 ferme
434 2849 644 2927 quadraginta,
674 2848 753 2907 sicut
783 2847 887 2915 sertus,
915 2866 1031 2908 marcas
1058 2850 1178 2929 argenti
1205 2869 1269 2911 aaa

306 2951 394 3023 grata
424 2943 452 3003 ci
488 2942 628 3023 largitate
661 2941 792 3020 reliquit,
822 2958 896 3021 quas
931 2959 985 3002 suo
1020 2941 1143 3022 negotio
1176 2961 1269 3025 saper

305 3038 460 3098 ceclesism
482 3037 586 3096 Sancti
610 3035 762 3094 lislmundi
785 3035 889 3094 Rosam
909 3035 1182 3097 almisiculssurss
1202 3038 1268 3100 sn.

305 3132 398 3212 gliam
419 3131 575 3211 egrediens
597 3148 683 3208 mage
705 3127 835 3206 putavit

347 3226 476 3284 Emeusa
496 3224 606 3284 dehinc
627 3221 818 3302 longitudine
840 3218 907 3291 viss,
929 3220 1032 3282 nuncii
1054 3219 1184 3284 Rumam
1204 3243 1268 3287 aaa
1294 3237 1406 3287 un

303 3318 441 3386 veniunt
456 3317 502 3375 sui
524 3317 675 3375 adventus
696 3333 818 3374 cauum
839 3332 895 3392 pro
916 3332 951 3372 eo
971 3333 1062 3392 quem
1084 3294 1375 3433 proterebat&

304 3422 407 3474 tenore
437 3408 610 3489 apostolicis
638 3407 764 3468 auribus
795 3413 971 3487 suggerunt
993 3407 1073 3467 tanti
1098 3408 1172 3471 maii
1192 3408 1353 3481 diri-s...

303 3506 405 3568 mcudi
437 3504 596 3566 comitium
628 3502 714 3583 proni
750 3499 926 3582 deposcunt
981 3500 1080 3562 sudis
1113 3501 1166 3565 ills
1196 3524 1279 3585 qun·

303 3601 450 3668 sensatur,
470 3606 503 3657 et
523 3616 584 3656 nou
607 3595 727 3655 invenit
747 3594 841 3655 verba
862 3593 974 3673 quibua
994 3595 1149 3674 exprimat
1168 3615 1266 3677 quaa·

303 3704 367 3756 tum
399 3693 468 3754 incia
497 3692 632 3752 mirctur.
674 3688 753 3751 Cum
786 3696 888 3749 tamen
910 3707 1021 3770 magno
1049 3688 1091 3750 ab
1116 3687 1266 3773 episeopis

300 3787 410 3868 opere¹
441 3792 615 3867 prccsretur
643 3783 706 3841 suis
738 3782 828 3844 rebus
856 3802 1027 3862 praecavere
1063 3800 1100 3844 aa
1129 3782 1265 3848 defluis·

301 3879 526 3962 praedecessoris
554 3878 602 3936 sui
632 3877 794 3936 sententias
822 3876 951 3956 rigorem
981 3884 1018 3936 ut
1046 3875 1182 3958 namqu
1201 3896 1264 3959 μ
1307 3870 1313 3885 .

392 4124 568 4186 tepescas]
582 4123 620 4171 os
630 4135 722 4169 susm
734 4122 758 4169 is
770 4123 801 4169 Α.

273 4194 281 4209 ·
390 4194 672 4259 msa-tm
692 4193 1146 4259 mrum-mu
