<?xml version="1.0" encoding="UTF-8"?>
<!DOCTYPE html PUBLIC "-//W3C//DTD XHTML 1.0 Transitional//EN"
    "http://www.w3.org/TR/xhtml1/DTD/xhtml1-transitional.dtd">
<html xmlns="http://www.w3.org/1999/xhtml" xml:lang="en" lang="en">
 <head>
  <title>
</title>
<meta http-equiv="Content-Type" content="text/html;charset=utf-8" />
  <meta name='ocr-system' content='tesseract 3.04.00' />
  <meta name='ocr-capabilities' content='ocr_page ocr_carea ocr_par ocr_line ocrx_word'/>
</head>
<body>
  <div class='ocr_page' id='page_1' title='image "./eadmerihistoria00eadmgoog_0163.png"; bbox 0 0 3136 4890; ppageno 0'>
   <div class='ocr_carea' id='block_1_1' title="bbox 539 375 1283 438">
    <p class='ocr_par' dir='ltr' id='par_1_1' title="bbox 539 375 1283 438">
     <span class='ocr_line' id='line_1_1' title="bbox 539 375 1283 438; baseline 0.004 -3"><span class='ocrx_word' id='word_1_1' title='bbox 539 388 687 436; x_wconf 84' lang='lat' dir='ltr'><strong>msroms</strong></span> <span class='ocrx_word' id='word_1_2' title='bbox 708 389 865 437; x_wconf 80' lang='lat' dir='ltr'><strong>norenmr</strong></span> <span class='ocrx_word' id='word_1_3' title='bbox 887 389 921 437; x_wconf 88' lang='lat' dir='ltr'><strong>m</strong></span> <span class='ocrx_word' id='word_1_4' title='bbox 943 388 1068 436; x_wconf 74' lang='lat' dir='ltr'><strong>nnuma</strong></span> <span class='ocrx_word' id='word_1_5' title='bbox 1243 375 1283 438; x_wconf 79' lang='lat'><strong>27</strong></span> 
     </span>
    </p>
   </div>
   <div class='ocr_carea' id='block_1_2' title="bbox 312 556 1424 1951">
    <p class='ocr_par' dir='ltr' id='par_1_2' title="bbox 322 556 1284 828">
     <span class='ocr_line' id='line_1_2' title="bbox 323 556 1284 643; baseline 0.002 -21"><span class='ocrx_word' id='word_1_6' title='bbox 323 560 384 624; x_wconf 86' lang='lat' dir='ltr'><strong>ista</strong></span> <span class='ocrx_word' id='word_1_7' title='bbox 403 562 495 625; x_wconf 89' lang='lat' dir='ltr'><strong>etiam</strong></span> <span class='ocrx_word' id='word_1_8' title='bbox 515 562 549 623; x_wconf 88' lang='lat' dir='ltr'><strong>in</strong></span> <span class='ocrx_word' id='word_1_9' title='bbox 568 563 686 625; x_wconf 86' lang='lat' dir='ltr'><strong>eunetis</strong></span> <span class='ocrx_word' id='word_1_10' title='bbox 706 556 923 643; x_wconf 71' lang='lat' dir='ltr'><strong>pernugliam</strong></span> <span class='ocrx_word' id='word_1_11' title='bbox 953 561 1130 626; x_wconf 79' lang='lat' dir='ltr'><strong>eemtitutis</strong></span> <span class='ocrx_word' id='word_1_12' title='bbox 1161 558 1284 625; x_wconf 86' lang='lat' dir='ltr'><strong>filiabus</strong></span> 
     </span>
     <span class='ocr_line' id='line_1_3' title="bbox 322 653 1284 736; baseline -0.001 -20"><span class='ocrx_word' id='word_1_13' title='bbox 322 654 397 735; x_wconf 86' lang='lat' dir='ltr'><strong>ejus,</strong></span> <span class='ocrx_word' id='word_1_14' title='bbox 416 675 492 736; x_wconf 82' lang='lat' dir='ltr'><strong>quse,</strong></span> <span class='ocrx_word' id='word_1_15' title='bbox 512 653 586 716; x_wconf 82' lang='lat' dir='ltr'><strong>viris</strong></span> <span class='ocrx_word' id='word_1_16' title='bbox 614 654 687 724; x_wconf 87' lang='lat' dir='ltr'><strong>suis,</strong></span> <span class='ocrx_word' id='word_1_17' title='bbox 706 653 852 734; x_wconf 83' lang='lat' dir='ltr'><strong>episeopis</strong></span> <span class='ocrx_word' id='word_1_18' title='bbox 880 653 997 716; x_wconf 74' lang='lat' dir='ltr'><strong>scilieet</strong></span> <span class='ocrx_word' id='word_1_19' title='bbox 1026 672 1080 715; x_wconf 92' lang='lat' dir='ltr'><strong>seu</strong></span> <span class='ocrx_word' id='word_1_20' title='bbox 1111 653 1284 727; x_wconf 84' lang='lat' dir='ltr'><strong>abbatibus,</strong></span> 
     </span>
     <span class='ocr_line' id='line_1_4' title="bbox 322 744 1280 828; baseline -0.003 -18"><span class='ocrx_word' id='word_1_21' title='bbox 322 750 538 824; x_wconf 71' lang='lat' dir='ltr'><strong>decidentibus,</strong></span> <span class='ocrx_word' id='word_1_22' title='bbox 566 748 600 811; x_wconf 94' lang='lat' dir='ltr'><strong>in</strong></span> <span class='ocrx_word' id='word_1_23' title='bbox 628 747 812 810; x_wconf 83' lang='lat' dir='ltr'><strong>viduitatem</strong></span> <span class='ocrx_word' id='word_1_24' title='bbox 840 765 876 810; x_wconf 92' lang='lat' dir='ltr'><strong>ea</strong></span> <span class='ocrx_word' id='word_1_25' title='bbox 907 751 1088 828; x_wconf 85' lang='lat' dir='ltr'><strong>tempestate</strong></span> <span class='ocrx_word' id='word_1_26' title='bbox 1120 744 1280 808; x_wconf 67' lang='lat' dir='ltr'><strong>edebsm</strong></span> 
     </span>
    </p>

    <p class='ocr_par' dir='ltr' id='par_1_3' title="bbox 322 839 1285 1300">
     <span class='ocr_line' id='line_1_5' title="bbox 324 839 1284 925; baseline -0.002 -21"><span class='ocrx_word' id='word_1_27' title='bbox 324 845 364 904; x_wconf 87' lang='lat' dir='ltr'><strong>Et</strong></span> <span class='ocrx_word' id='word_1_28' title='bbox 384 846 505 924; x_wconf 86' lang='lat' dir='ltr'><strong>quidem</strong></span> <span class='ocrx_word' id='word_1_29' title='bbox 526 846 590 925; x_wconf 88' lang='lat' dir='ltr'><strong>ipse</strong></span> <span class='ocrx_word' id='word_1_30' title='bbox 610 845 725 925; x_wconf 87' lang='lat' dir='ltr'><strong>primus</strong></span> <span class='ocrx_word' id='word_1_31' title='bbox 754 843 833 906; x_wconf 82' lang='lat' dir='ltr'><strong>hane</strong></span> <span class='ocrx_word' id='word_1_32' title='bbox 864 841 1032 906; x_wconf 81' lang='lat' dir='ltr'><strong>luctuosam</strong></span> <span class='ocrx_word' id='word_1_33' title='bbox 1061 839 1284 924; x_wconf 77' lang='lat' dir='ltr'><strong>oppressionem</strong></span> 
     </span>
     <span class='ocr_line' id='line_1_6' title="bbox 322 933 1285 1017; baseline -0.003 -15"><span class='ocrx_word' id='word_1_34' title='bbox 322 939 452 1002; x_wconf 82' lang='lat' dir='ltr'><strong>ecelesiis</strong></span> <span class='ocrx_word' id='word_1_35' title='bbox 472 939 531 1001; x_wconf 90' lang='lat' dir='ltr'><strong>Dei</strong></span> <span class='ocrx_word' id='word_1_36' title='bbox 552 939 695 999; x_wconf 73' lang='lat' dir='ltr'><strong>induxit¹</strong></span> <span class='ocrx_word' id='word_1_37' title='bbox 716 933 889 1000; x_wconf 74' lang='lat' dir='ltr'><strong>nullalenus</strong></span> <span class='ocrx_word' id='word_1_38' title='bbox 918 955 984 997; x_wconf 89' lang='lat' dir='ltr'><strong>eam</strong></span> <span class='ocrx_word' id='word_1_39' title='bbox 1005 957 1044 999; x_wconf 84' lang='lat' dir='ltr'><strong>ex</strong></span> <span class='ocrx_word' id='word_1_40' title='bbox 1074 943 1203 1017; x_wconf 83' lang='lat' dir='ltr'><strong>paterna</strong></span> <span class='ocrx_word' id='word_1_41' title='bbox 1222 944 1285 999; x_wconf 78' lang='lat' dir='ltr'><strong>tra·</strong></span> 
     </span>
     <span class='ocr_line' id='line_1_7' title="bbox 322 1028 1282 1115; baseline -0.001 -22"><span class='ocrx_word' id='word_1_42' title='bbox 322 1033 437 1095; x_wconf 76' lang='lat' dir='ltr'>ditione</span> <span class='ocrx_word' id='word_1_43' title='bbox 458 1033 614 1115; x_wconf 84' lang='lat' dir='ltr'><strong>accipiens</strong></span> <span class='ocrx_word' id='word_1_44' title='bbox 656 1029 854 1094; x_wconf 74' lang='lat' dir='ltr'><strong>Destruetes²</strong></span> <span class='ocrx_word' id='word_1_45' title='bbox 874 1049 945 1113; x_wconf 81' lang='lat' dir='ltr'><strong>erge</strong></span> <span class='ocrx_word' id='word_1_46' title='bbox 965 1028 1105 1093; x_wconf 82' lang='lat' dir='ltr'><strong>eeclesias</strong></span> <span class='ocrx_word' id='word_1_47' title='bbox 1136 1028 1218 1092; x_wconf 84' lang='lat' dir='ltr'><strong>selas</strong></span> <span class='ocrx_word' id='word_1_48' title='bbox 1248 1028 1282 1092; x_wconf 88' lang='lat' dir='ltr'><strong>ia</strong></span> 
     </span>
     <span class='ocr_line' id='line_1_8' title="bbox 323 1125 1284 1208; baseline 0.004 -23"><span class='ocrx_word' id='word_1_49' title='bbox 323 1127 458 1187; x_wconf 89' lang='lat' dir='ltr'><strong>dominio</strong></span> <span class='ocrx_word' id='word_1_50' title='bbox 478 1147 533 1186; x_wconf 89' lang='lat' dir='ltr'><strong>suo</strong></span> <span class='ocrx_word' id='word_1_51' title='bbox 554 1126 683 1187; x_wconf 85' lang='lat' dir='ltr'><strong>tenebat</strong></span> <span class='ocrx_word' id='word_1_52' title='bbox 726 1125 806 1186; x_wconf 86' lang='lat' dir='ltr'><strong>Nam</strong></span> <span class='ocrx_word' id='word_1_53' title='bbox 827 1125 920 1187; x_wconf 87' lang='lat' dir='ltr'><strong>alium</strong></span> <span class='ocrx_word' id='word_1_54' title='bbox 941 1125 1093 1188; x_wconf 85' lang='lat' dir='ltr'><strong>nerninem</strong></span> <span class='ocrx_word' id='word_1_55' title='bbox 1121 1132 1232 1208; x_wconf 79' lang='lat' dir='ltr'><strong>praeter</strong></span> <span class='ocrx_word' id='word_1_56' title='bbox 1251 1145 1284 1189; x_wconf 88' lang='lat' dir='ltr'><strong>so</strong></span> 
     </span>
     <span class='ocr_line' id='line_1_9' title="bbox 322 1217 1277 1300; baseline 0.004 -21"><span class='ocrx_word' id='word_1_57' title='bbox 322 1220 505 1280; x_wconf 79' lang='lat' dir='ltr'><strong>sulstituere</strong></span> <span class='ocrx_word' id='word_1_58' title='bbox 527 1217 648 1279; x_wconf 86' lang='lat' dir='ltr'><strong>volebat</strong></span> <span class='ocrx_word' id='word_1_59' title='bbox 675 1218 819 1298; x_wconf 77' lang='lat' dir='ltr'><strong>quamdiu</strong></span> <span class='ocrx_word' id='word_1_60' title='bbox 840 1238 893 1297; x_wconf 89' lang='lat' dir='ltr'><strong>per</strong></span> <span class='ocrx_word' id='word_1_61' title='bbox 907 1238 977 1279; x_wconf 73' lang='lat' dir='ltr'><strong>surae</strong></span> <span class='ocrx_word' id='word_1_62' title='bbox 991 1220 1146 1281; x_wconf 87' lang='lat' dir='ltr'><strong>ministres</strong></span> <span class='ocrx_word' id='word_1_63' title='bbox 1159 1221 1277 1300; x_wconf 85' lang='lat' dir='ltr'><strong>aliquid</strong></span> 
     </span>
    </p>

    <p class='ocr_par' dir='ltr' id='par_1_4' title="bbox 321 1309 1379 1674">
     <span class='ocr_line' id='line_1_10' title="bbox 322 1309 1379 1393; baseline 0 -20"><span class='ocrx_word' id='word_1_64' title='bbox 322 1314 402 1393; x_wconf 90' lang='lat' dir='ltr'><strong>quod</strong></span> <span class='ocrx_word' id='word_1_65' title='bbox 424 1311 556 1393; x_wconf 80' lang='lat' dir='ltr'><strong>cujusvis</strong></span> <span class='ocrx_word' id='word_1_66' title='bbox 585 1311 675 1391; x_wconf 86' lang='lat' dir='ltr'><strong>pretii</strong></span> <span class='ocrx_word' id='word_1_67' title='bbox 696 1310 820 1372; x_wconf 85' lang='lat' dir='ltr'><strong>dueeret</strong></span> <span class='ocrx_word' id='word_1_68' title='bbox 839 1311 879 1372; x_wconf 93' lang='lat' dir='ltr'><strong>ab</strong></span> <span class='ocrx_word' id='word_1_69' title='bbox 907 1310 952 1372; x_wconf 91' lang='lat' dir='ltr'><strong>eis</strong></span> <span class='ocrx_word' id='word_1_70' title='bbox 974 1309 1134 1373; x_wconf 81' lang='lat' dir='ltr'><strong>extrahere</strong></span> <span class='ocrx_word' id='word_1_71' title='bbox 1154 1317 1282 1391; x_wconf 78' lang='lat' dir='ltr'><strong>poterat</strong></span> <span class='ocrx_word' id='word_1_72' title='bbox 1372 1314 1379 1323; x_wconf 84' lang='grc'><strong>”</strong></span> 
     </span>
     <span class='ocr_line' id='line_1_11' title="bbox 323 1402 1285 1485; baseline 0.001 -20"><span class='ocrx_word' id='word_1_73' title='bbox 323 1408 430 1485; x_wconf 80' lang='lat' dir='ltr'><strong>Itaque</strong></span> <span class='ocrx_word' id='word_1_74' title='bbox 452 1407 575 1485; x_wconf 91' lang='lat' dir='ltr'><strong>planum</strong></span> <span class='ocrx_word' id='word_1_75' title='bbox 597 1412 663 1466; x_wconf 85' lang='lat' dir='ltr'><strong>erat</strong></span> <span class='ocrx_word' id='word_1_76' title='bbox 683 1405 794 1484; x_wconf 85' lang='lat' dir='ltr'><strong>ubique</strong></span> <span class='ocrx_word' id='word_1_77' title='bbox 816 1404 968 1466; x_wconf 85' lang='lat' dir='ltr'><strong>miseriam</strong></span> <span class='ocrx_word' id='word_1_78' title='bbox 997 1404 1109 1466; x_wconf 84' lang='lat' dir='ltr'><strong>videre.</strong></span> <span class='ocrx_word' id='word_1_79' title='bbox 1149 1402 1285 1466; x_wconf 84' lang='lat' dir='ltr'><strong>Duravit</strong></span> 
     </span>
     <span class='ocr_line' id='line_1_12' title="bbox 322 1497 1285 1580; baseline -0.001 -18"><span class='ocrx_word' id='word_1_80' title='bbox 322 1508 423 1562; x_wconf 90' lang='lat' dir='ltr'><strong>autem</strong></span> <span class='ocrx_word' id='word_1_81' title='bbox 453 1501 516 1561; x_wconf 86' lang='lat' dir='ltr'><strong>iere</strong></span> <span class='ocrx_word' id='word_1_82' title='bbox 546 1518 600 1580; x_wconf 86' lang='lat' dir='ltr'><strong>per</strong></span> <span class='ocrx_word' id='word_1_83' title='bbox 630 1497 765 1578; x_wconf 85' lang='lat' dir='ltr'><strong>quinque</strong></span> <span class='ocrx_word' id='word_1_84' title='bbox 795 1517 899 1568; x_wconf 82' lang='lat' dir='ltr'><strong>annos,</strong></span> <span class='ocrx_word' id='word_1_85' title='bbox 928 1506 965 1557; x_wconf 92' lang='lat' dir='ltr'><strong>ut</strong></span> <span class='ocrx_word' id='word_1_86' title='bbox 983 1499 1032 1580; x_wconf 53' lang='lat' dir='ltr'><strong>⁸‹le</strong></span> <span class='ocrx_word' id='word_1_87' title='bbox 1062 1498 1131 1558; x_wconf 74' lang='lat' dir='ltr'><strong>aliis</strong></span> <span class='ocrx_word' id='word_1_88' title='bbox 1160 1505 1285 1571; x_wconf 71' lang='lat' dir='ltr'><strong>taceam</strong></span> 
     </span>
     <span class='ocr_line' id='line_1_13' title="bbox 321 1590 1285 1674; baseline 0 -20"><span class='ocrx_word' id='word_1_89' title='bbox 321 1616 411 1674; x_wconf 84' lang='lat' dir='ltr'><strong>snper</strong></span> <span class='ocrx_word' id='word_1_90' title='bbox 431 1594 584 1656; x_wconf 85' lang='lat' dir='ltr'><strong>eeclesiam</strong></span> <span class='ocrx_word' id='word_1_91' title='bbox 607 1592 856 1654; x_wconf 83' lang='lat' dir='ltr'><strong>Cautuariensem</strong></span> <span class='ocrx_word' id='word_1_92' title='bbox 877 1590 942 1653; x_wconf 85' lang='lat' dir='ltr'><strong>lnue</strong></span> <span class='ocrx_word' id='word_1_93' title='bbox 963 1591 1030 1671; x_wconf 86' lang='lat' dir='ltr'><strong>ipsa</strong></span> <span class='ocrx_word' id='word_1_94' title='bbox 1058 1591 1186 1665; x_wconf 69' lang='lat' dir='ltr'><strong>numeria,</strong></span> <span class='ocrx_word' id='word_1_95' title='bbox 1207 1612 1285 1654; x_wconf 85' lang='lat' dir='ltr'><strong>sem·</strong></span> 
     </span>
    </p>

    <p class='ocr_par' dir='ltr' id='par_1_5' title="bbox 321 1685 1294 1841">
     <span class='ocr_line' id='line_1_14' title="bbox 322 1685 1285 1769; baseline 0.003 -23"><span class='ocrx_word' id='word_1_96' title='bbox 322 1708 374 1767; x_wconf 87' lang='lat' dir='ltr'><strong>per</strong></span> <span class='ocrx_word' id='word_1_97' title='bbox 396 1689 428 1746; x_wconf 93' lang='lat' dir='ltr'><strong>in</strong></span> <span class='ocrx_word' id='word_1_98' title='bbox 450 1689 535 1766; x_wconf 88' lang='lat' dir='ltr'><strong>pejus</strong></span> <span class='ocrx_word' id='word_1_99' title='bbox 555 1687 712 1766; x_wconf 79' lang='lat' dir='ltr'><strong>proficiens</strong></span> <span class='ocrx_word' id='word_1_100' title='bbox 733 1686 850 1764; x_wconf 77' lang='lat' dir='ltr'><strong>sibique</strong></span> <span class='ocrx_word' id='word_1_101' title='bbox 872 1686 929 1765; x_wconf 85' lang='lat' dir='ltr'><strong>ipsi</strong></span> <span class='ocrx_word' id='word_1_102' title='bbox 944 1685 1080 1749; x_wconf 83' lang='lat' dir='ltr'><strong>miserior</strong></span> <span class='ocrx_word' id='word_1_103' title='bbox 1094 1685 1285 1769; x_wconf 66' lang='lat' dir='ltr'><strong>deteriusque</strong></span> 
     </span>
     <span class='ocr_line' id='line_1_15' title="bbox 321 1778 1294 1841; baseline 0.003 -2"><span class='ocrx_word' id='word_1_104' title='bbox 321 1799 513 1841; x_wconf 83' lang='lat' dir='ltr'><strong>succrescens.</strong></span> <span class='ocrx_word' id='word_1_105' title='bbox 1290 1778 1294 1789; x_wconf 79' lang='grc'><strong><em>’</em></strong></span> 
     </span>
    </p>

    <p class='ocr_par' dir='ltr' id='par_1_6' title="bbox 312 1869 1424 1951">
     <span class='ocr_line' id='line_1_16' title="bbox 312 1869 1424 1951; baseline 0.002 -20"><span class='ocrx_word' id='word_1_106' title='bbox 312 1872 318 1941; x_wconf 56' lang='lat' dir='ltr'>Q</span> <span class='ocrx_word' id='word_1_107' title='bbox 363 1874 480 1948; x_wconf 79' lang='lat' dir='ltr'><strong>Quarto</strong></span> <span class='ocrx_word' id='word_1_108' title='bbox 501 1874 581 1935; x_wconf 87' lang='lat' dir='ltr'><strong>inter</strong></span> <span class='ocrx_word' id='word_1_109' title='bbox 607 1872 672 1935; x_wconf 70' lang='lat' dir='ltr'><strong>haee</strong></span> <span class='ocrx_word' id='word_1_110' title='bbox 699 1889 780 1934; x_wconf 88' lang='lat' dir='ltr'><strong>anno</strong></span> <span class='ocrx_word' id='word_1_111' title='bbox 803 1869 895 1951; x_wconf 82' lang='lat' dir='ltr'><strong>Hugo</strong></span> <span class='ocrx_word' id='word_1_112' title='bbox 914 1890 1013 1933; x_wconf 88' lang='lat' dir='ltr'><strong>eomes</strong></span> <span class='ocrx_word' id='word_1_113' title='bbox 1034 1869 1211 1944; x_wconf 71' lang='lat' dir='ltr'><strong>cestrensis,</strong></span> <span class='ocrx_word' id='word_1_114' title='bbox 1231 1872 1424 1933; x_wconf 58' lang='grc' dir='ltr'><strong>νο-Μᾱῐ</strong></span> 
     </span>
    </p>
   </div>
   <div class='ocr_carea' id='block_1_3' title="bbox 320 1921 1425 2044">
    <p class='ocr_par' dir='ltr' id='par_1_7' title="bbox 320 1921 1425 2044">
     <span class='ocr_line' id='line_1_17' title="bbox 320 1921 1425 2044; baseline 0.005 -19"><span class='ocrx_word' id='word_1_115' title='bbox 320 1966 385 2026; x_wconf 77' lang='lat' dir='ltr'><strong>lens</strong></span> <span class='ocrx_word' id='word_1_116' title='bbox 415 1967 446 2025; x_wconf 90' lang='lat' dir='ltr'><strong>in</strong></span> <span class='ocrx_word' id='word_1_117' title='bbox 476 1987 531 2027; x_wconf 78' lang='lat' dir='ltr'><strong>aua</strong></span> <span class='ocrx_word' id='word_1_118' title='bbox 560 1967 690 2044; x_wconf 84' lang='lat' dir='ltr'><strong>quadmn</strong></span> <span class='ocrx_word' id='word_1_119' title='bbox 726 1965 849 2028; x_wconf 86' lang='lat' dir='ltr'><strong>eeclesia</strong></span> <span class='ocrx_word' id='word_1_120' title='bbox 878 1965 1093 2029; x_wconf 78' lang='lat' dir='ltr'><strong>monacharum</strong></span> <span class='ocrx_word' id='word_1_121' title='bbox 1128 1965 1284 2029; x_wconf 78' lang='lat' dir='ltr'><strong>abbatiam</strong></span> <span class='ocrx_word' id='word_1_122' title='bbox 1294 1921 1425 2010; x_wconf 43' lang='lat' dir='ltr'><strong>‘&#39;ig-:⁹</strong></span> 
     </span>
    </p>
   </div>
   <div class='ocr_carea' id='block_1_4' title="bbox 236 2015 1443 3563">
    <p class='ocr_par' dir='ltr' id='par_1_8' title="bbox 236 2015 1443 3563">
     <span class='ocr_line' id='line_1_18' title="bbox 322 2015 1443 2154; baseline 0.003 -36"><span class='ocrx_word' id='word_1_123' title='bbox 322 2059 488 2130; x_wconf 73' lang='lat' dir='ltr'><strong>instituere,</strong></span> <span class='ocrx_word' id='word_1_124' title='bbox 523 2058 622 2119; x_wconf 81' lang='lat' dir='ltr'><strong>nrissis</strong></span> <span class='ocrx_word' id='word_1_125' title='bbox 658 2059 786 2120; x_wconf 77' lang='lat' dir='ltr'><strong>Beeonm</strong></span> <span class='ocrx_word' id='word_1_126' title='bbox 823 2059 951 2128; x_wconf 82' lang='lat' dir='ltr'><strong>nunciis,</strong></span> <span class='ocrx_word' id='word_1_127' title='bbox 986 2061 1107 2139; x_wconf 78' lang='lat' dir='ltr'><strong>rogavit</strong></span> <span class='ocrx_word' id='word_1_128' title='bbox 1140 2060 1284 2121; x_wconf 86' lang='lat' dir='ltr'><strong>abbatem</strong></span> <span class='ocrx_word' id='word_1_129' title='bbox 1294 2015 1443 2154; x_wconf 36' lang='grc' dir='ltr'><strong>ἑξεῖ*</strong></span> 
     </span>
     <span class='ocr_line' id='line_1_19' title="bbox 322 2151 1285 2234; baseline 0.002 -21"><span class='ocrx_word' id='word_1_130' title='bbox 322 2156 497 2213; x_wconf 73' lang='lat' dir='ltr'><strong>Anselrnmn</strong></span> <span class='ocrx_word' id='word_1_131' title='bbox 528 2153 670 2234; x_wconf 78' lang='lat' dir='ltr'><strong>Angliam</strong></span> <span class='ocrx_word' id='word_1_132' title='bbox 703 2151 813 2224; x_wconf 82' lang='lat' dir='ltr'><strong>venire,</strong></span> <span class='ocrx_word' id='word_1_133' title='bbox 844 2151 941 2214; x_wconf 84' lang='lat' dir='ltr'><strong>lecum</strong></span> <span class='ocrx_word' id='word_1_134' title='bbox 974 2152 1130 2232; x_wconf 78' lang='lat' dir='ltr'><strong>inspieere,</strong></span> <span class='ocrx_word' id='word_1_135' title='bbox 1154 2172 1285 2234; x_wconf 85' lang='lat' dir='ltr'><strong>eumque</strong></span> 
     </span>
     <span class='ocr_line' id='line_1_20' title="bbox 322 2244 1283 2325; baseline 0.009 -21"><span class='ocrx_word' id='word_1_136' title='bbox 322 2265 375 2324; x_wconf 90' lang='lat' dir='ltr'><strong>per</strong></span> <span class='ocrx_word' id='word_1_137' title='bbox 406 2245 565 2306; x_wconf 82' lang='lat' dir='ltr'><strong>rnenaebos</strong></span> <span class='ocrx_word' id='word_1_138' title='bbox 596 2265 666 2305; x_wconf 83' lang='lat' dir='ltr'><strong>suos</strong></span> <span class='ocrx_word' id='word_1_139' title='bbox 698 2244 827 2325; x_wconf 79' lang='lat' dir='ltr'><strong>regulari</strong></span> <span class='ocrx_word' id='word_1_140' title='bbox 859 2249 1086 2309; x_wconf 85' lang='lat' dir='ltr'><strong>conversatione</strong></span> <span class='ocrx_word' id='word_1_141' title='bbox 1111 2247 1283 2313; x_wconf 69' lang='lat' dir='ltr'><strong>intonuere.</strong></span> 
     </span>
     <span class='ocr_line' id='line_1_21' title="bbox 324 2336 1283 2421; baseline 0.003 -21"><span class='ocrx_word' id='word_1_142' title='bbox 324 2340 437 2400; x_wconf 88' lang='lat' dir='ltr'><strong>llenuit</strong></span> <span class='ocrx_word' id='word_1_143' title='bbox 467 2339 537 2419; x_wconf 89' lang='lat' dir='ltr'><strong>ipse,</strong></span> <span class='ocrx_word' id='word_1_144' title='bbox 567 2358 623 2400; x_wconf 86' lang='lat' dir='ltr'><strong>nee</strong></span> <span class='ocrx_word' id='word_1_145' title='bbox 652 2337 756 2398; x_wconf 78' lang='lat' dir='ltr'><strong>venire</strong></span> <span class='ocrx_word' id='word_1_146' title='bbox 788 2336 892 2398; x_wconf 81' lang='lat' dir='ltr'><strong>veluit</strong></span> <span class='ocrx_word' id='word_1_147' title='bbox 934 2338 1005 2400; x_wconf 84' lang='lat' dir='ltr'><strong>dam</strong></span> <span class='ocrx_word' id='word_1_148' title='bbox 1040 2341 1121 2401; x_wconf 90' lang='lat' dir='ltr'><strong>enim</strong></span> <span class='ocrx_word' id='word_1_149' title='bbox 1150 2342 1283 2421; x_wconf 71' lang='lat' dir='ltr'><strong>quodum</strong></span> 
     </span>
     <span class='ocr_line' id='line_1_22' title="bbox 322 2432 1283 2515; baseline 0.005 -24"><span class='ocrx_word' id='word_1_150' title='bbox 322 2435 408 2513; x_wconf 70' lang='lat' dir='ltr'><strong>(prasi</strong></span> <span class='ocrx_word' id='word_1_151' title='bbox 444 2434 589 2514; x_wconf 74' lang='lat' dir='ltr'><strong>presagio</strong></span> <span class='ocrx_word' id='word_1_152' title='bbox 623 2439 740 2493; x_wconf 79' lang='lat' dir='ltr'><strong>mentes</strong></span> <span class='ocrx_word' id='word_1_153' title='bbox 774 2432 963 2512; x_wconf 88' lang='lat' dir='ltr'><strong>quonmdam</strong></span> <span class='ocrx_word' id='word_1_154' title='bbox 1000 2432 1213 2515; x_wconf 75' lang='lat' dir='ltr'><strong>tangebantur,</strong></span> <span class='ocrx_word' id='word_1_155' title='bbox 1243 2440 1283 2508; x_wconf 83' lang='lat' dir='ltr'><strong>et,</strong></span> 
     </span>
     <span class='ocr_line' id='line_1_23' title="bbox 322 2525 1282 2606; baseline 0.004 -20"><span class='ocrx_word' id='word_1_156' title='bbox 322 2528 393 2587; x_wconf 89' lang='lat' dir='ltr'><strong>licet</strong></span> <span class='ocrx_word' id='word_1_157' title='bbox 421 2527 565 2595; x_wconf 77' lang='lat' dir='ltr'><strong>clancule,</strong></span> <span class='ocrx_word' id='word_1_158' title='bbox 587 2525 724 2585; x_wconf 91' lang='lat' dir='ltr'><strong>nonnulli</strong></span> <span class='ocrx_word' id='word_1_159' title='bbox 760 2525 931 2586; x_wconf 86' lang='lat' dir='ltr'><strong>adinvicem</strong></span> <span class='ocrx_word' id='word_1_160' title='bbox 962 2525 1173 2606; x_wconf 74' lang='lat' dir='ltr'><strong>loquebantur,</strong></span> <span class='ocrx_word' id='word_1_161' title='bbox 1202 2548 1282 2601; x_wconf 84' lang='lat' dir='ltr'><strong>eum,</strong></span> 
     </span>
     <span class='ocr_line' id='line_1_24' title="bbox 322 2617 1281 2702; baseline 0.004 -21"><span class='ocrx_word' id='word_1_162' title='bbox 322 2623 347 2681; x_wconf 88' lang='lat' dir='ltr'><strong>si</strong></span> <span class='ocrx_word' id='word_1_163' title='bbox 370 2621 511 2702; x_wconf 81' lang='lat' dir='ltr'><strong>Angliam</strong></span> <span class='ocrx_word' id='word_1_164' title='bbox 534 2620 600 2690; x_wconf 86' lang='lat' dir='ltr'><strong>iret,</strong></span> <span class='ocrx_word' id='word_1_165' title='bbox 635 2617 892 2697; x_wconf 83' lang='lat' dir='ltr'><strong>arehiepiscopum</strong></span> <span class='ocrx_word' id='word_1_166' title='bbox 924 2619 1175 2681; x_wconf 69' lang='lat' dir='ltr'><strong>cantuariensem</strong></span> <span class='ocrx_word' id='word_1_167' title='bbox 1210 2622 1281 2685; x_wconf 81' lang='lat' dir='ltr'><strong>iera</strong></span> 
     </span>
     <span class='ocr_line' id='line_1_25' title="bbox 236 2712 1282 2796; baseline 0.004 -23"><span class='ocrx_word' id='word_1_168' title='bbox 236 2762 241 2773; x_wconf 95' lang='lat'>.</span> <span class='ocrx_word' id='word_1_169' title='bbox 322 2717 410 2790; x_wconf 85' lang='lat' dir='ltr'><strong>Quod</strong></span> <span class='ocrx_word' id='word_1_170' title='bbox 431 2716 571 2794; x_wconf 70' lang='lat' dir='ltr'><strong>‹pranis-is</strong></span> <span class='ocrx_word' id='word_1_171' title='bbox 592 2713 715 2776; x_wconf 91' lang='lat' dir='ltr'><strong>omnine</strong></span> <span class='ocrx_word' id='word_1_172' title='bbox 735 2720 883 2774; x_wconf 87' lang='lat' dir='ltr'><strong>remotum</strong></span> <span class='ocrx_word' id='word_1_173' title='bbox 904 2720 984 2774; x_wconf 81' lang='lat' dir='ltr'><strong>esset</strong></span> <span class='ocrx_word' id='word_1_174' title='bbox 1002 2712 1195 2776; x_wconf 73' lang='lat' dir='ltr'><strong>seolunute</strong></span> <span class='ocrx_word' id='word_1_175' title='bbox 1207 2715 1282 2796; x_wconf 85' lang='lat' dir='ltr'><strong>ejus,</strong></span> 
     </span>
     <span class='ocr_line' id='line_1_26' title="bbox 321 2805 1283 2888; baseline 0.003 -21"><span class='ocrx_word' id='word_1_176' title='bbox 321 2816 353 2867; x_wconf 89' lang='lat' dir='ltr'><strong>et</strong></span> <span class='ocrx_word' id='word_1_177' title='bbox 374 2809 501 2867; x_wconf 78' lang='lat' dir='ltr'><strong>sinaitas</strong></span> <span class='ocrx_word' id='word_1_178' title='bbox 522 2808 667 2888; x_wconf 84' lang='lat' dir='ltr'><strong>prepositi</strong></span> <span class='ocrx_word' id='word_1_179' title='bbox 689 2807 737 2865; x_wconf 91' lang='lat' dir='ltr'><strong>sni</strong></span> <span class='ocrx_word' id='word_1_180' title='bbox 758 2827 789 2867; x_wconf 88' lang='lat' dir='ltr'><strong>se</strong></span> <span class='ocrx_word' id='word_1_181' title='bbox 810 2826 966 2887; x_wconf 88' lang='lat' dir='ltr'><strong>nunquam</strong></span> <span class='ocrx_word' id='word_1_182' title='bbox 987 2806 1045 2868; x_wconf 84' lang='lat' dir='ltr'><strong>boe</strong></span> <span class='ocrx_word' id='word_1_183' title='bbox 1065 2827 1143 2868; x_wconf 82' lang='lat' dir='ltr'><strong>enus</strong></span> <span class='ocrx_word' id='word_1_184' title='bbox 1162 2805 1283 2870; x_wconf 83' lang='lat' dir='ltr'><strong>subitu-</strong></span> 
     </span>
     <span class='ocr_line' id='line_1_27' title="bbox 320 2898 1283 2982; baseline 0.003 -21"><span class='ocrx_word' id='word_1_185' title='bbox 320 2921 388 2961; x_wconf 91' lang='lat' dir='ltr'><strong>rum</strong></span> <span class='ocrx_word' id='word_1_186' title='bbox 409 2901 621 2962; x_wconf 88' lang='lat' dir='ltr'><strong>certitudinem</strong></span> <span class='ocrx_word' id='word_1_187' title='bbox 647 2898 838 2979; x_wconf 84' lang='lat' dir='ltr'><strong>promitteret</strong></span> <span class='ocrx_word' id='word_1_188' title='bbox 858 2899 960 2960; x_wconf 87' lang='lat' dir='ltr'><strong>animo</strong></span> <span class='ocrx_word' id='word_1_189' title='bbox 980 2900 1054 2979; x_wconf 82' lang='lat' dir='ltr'><strong>ejus,</strong></span> <span class='ocrx_word' id='word_1_190' title='bbox 1076 2905 1188 2973; x_wconf 67' lang='lat' dir='ltr'><strong>umen,</strong></span> <span class='ocrx_word' id='word_1_191' title='bbox 1208 2901 1283 2982; x_wconf 78' lang='lat' dir='ltr'><strong>quia</strong></span> 
     </span>
     <span class='ocr_line' id='line_1_28' title="bbox 320 2992 1283 3075; baseline 0.003 -21"><span class='ocrx_word' id='word_1_192' title='bbox 320 2996 376 3057; x_wconf 88' lang='lat' dir='ltr'><strong>hoe</strong></span> <span class='ocrx_word' id='word_1_193' title='bbox 397 3016 457 3056; x_wconf 92' lang='lat' dir='ltr'><strong>nen</strong></span> <span class='ocrx_word' id='word_1_194' title='bbox 471 3014 574 3055; x_wconf 85' lang='lat' dir='ltr'><strong>omnes</strong></span> <span class='ocrx_word' id='word_1_195' title='bbox 590 2993 808 3075; x_wconf 78' lang='lat' dir='ltr'><strong>intelligebant,</strong></span> <span class='ocrx_word' id='word_1_196' title='bbox 823 2993 1010 3075; x_wconf 71' lang='lat' dir='ltr'><strong>providendo</strong></span> <span class='ocrx_word' id='word_1_197' title='bbox 1030 2992 1111 3056; x_wconf 76' lang='lat' dir='ltr'><strong>bona</strong></span> <span class='ocrx_word' id='word_1_198' title='bbox 1131 3014 1194 3056; x_wconf 87' lang='lat' dir='ltr'><strong>nen</strong></span> <span class='ocrx_word' id='word_1_199' title='bbox 1214 3001 1283 3057; x_wconf 74' lang='lat' dir='ltr'><strong>tnn-</strong></span> 
     </span>
     <span class='ocr_line' id='line_1_29' title="bbox 322 3087 1282 3163; baseline 0.006 -16"><span class='ocrx_word' id='word_1_200' title='bbox 322 3095 386 3147; x_wconf 88' lang='lat' dir='ltr'><strong>tnm</strong></span> <span class='ocrx_word' id='word_1_201' title='bbox 407 3107 505 3149; x_wconf 85' lang='lat' dir='ltr'><strong>eoram</strong></span> <span class='ocrx_word' id='word_1_202' title='bbox 527 3087 592 3147; x_wconf 92' lang='lat' dir='ltr'><strong>Deo</strong></span> <span class='ocrx_word' id='word_1_203' title='bbox 620 3087 671 3145; x_wconf 87' lang='lat' dir='ltr'><strong>sed</strong></span> <span class='ocrx_word' id='word_1_204' title='bbox 701 3088 792 3147; x_wconf 88' lang='lat' dir='ltr'><strong>etiam</strong></span> <span class='ocrx_word' id='word_1_205' title='bbox 817 3106 916 3150; x_wconf 84' lang='lat' dir='ltr'><strong>eoram</strong></span> <span class='ocrx_word' id='word_1_206' title='bbox 938 3088 1078 3150; x_wconf 86' lang='lat' dir='ltr'><strong>erunibus</strong></span> <span class='ocrx_word' id='word_1_207' title='bbox 1099 3088 1282 3163; x_wconf 64' lang='lat' dir='ltr'><strong>hominilsua</strong></span> 
     </span>
     <span class='ocr_line' id='line_1_30' title="bbox 321 3178 1281 3263; baseline 0.003 -21"><span class='ocrx_word' id='word_1_208' title='bbox 321 3182 462 3263; x_wconf 76' lang='lat' dir='ltr'><strong>Angliam</strong></span> <span class='ocrx_word' id='word_1_209' title='bbox 485 3179 597 3241; x_wconf 88' lang='lat' dir='ltr'><strong>intrare</strong></span> <span class='ocrx_word' id='word_1_210' title='bbox 619 3178 726 3251; x_wconf 88' lang='lat' dir='ltr'><strong>noluit,</strong></span> <span class='ocrx_word' id='word_1_211' title='bbox 745 3198 783 3240; x_wconf 89' lang='lat' dir='ltr'><strong>ne</strong></span> <span class='ocrx_word' id='word_1_212' title='bbox 802 3197 834 3241; x_wconf 88' lang='lat' dir='ltr'><strong>se</strong></span> <span class='ocrx_word' id='word_1_213' title='bbox 856 3180 947 3261; x_wconf 89' lang='lat' dir='ltr'><strong>hujus</strong></span> <span class='ocrx_word' id='word_1_214' title='bbox 968 3181 1011 3243; x_wconf 86' lang='lat' dir='ltr'><strong>rei</strong></span> <span class='ocrx_word' id='word_1_215' title='bbox 1031 3182 1133 3263; x_wconf 72' lang='lat' dir='ltr'><strong>grstia</strong></span> <span class='ocrx_word' id='word_1_216' title='bbox 1152 3182 1281 3245; x_wconf 74' lang='lat' dir='ltr'><strong>intrasse</strong></span> 
     </span>
     <span class='ocr_line' id='line_1_31' title="bbox 320 3258 1429 3376; baseline 0.004 -43"><span class='ocrx_word' id='word_1_217' title='bbox 320 3276 479 3353; x_wconf 87' lang='lat' dir='ltr'><strong>quisquam</strong></span> <span class='ocrx_word' id='word_1_218' title='bbox 508 3274 717 3353; x_wconf 77' lang='lat' dir='ltr'><strong>suspicaretur.</strong></span> <span class='ocrx_word' id='word_1_219' title='bbox 760 3272 900 3356; x_wconf 75' lang='lat' dir='ltr'><strong>contigit</strong></span> <span class='ocrx_word' id='word_1_220' title='bbox 928 3274 1044 3338; x_wconf 76' lang='lat' dir='ltr'><strong>interes</strong></span> <span class='ocrx_word' id='word_1_221' title='bbox 1071 3274 1213 3340; x_wconf 76' lang='lat' dir='ltr'><strong>numilem</strong></span> <span class='ocrx_word' id='word_1_222' title='bbox 1235 3275 1281 3359; x_wconf 88' lang='lat' dir='ltr'><strong>ip·</strong></span> <span class='ocrx_word' id='word_1_223' title='bbox 1290 3258 1429 3376; x_wconf 44' lang='lat' dir='ltr'><strong>a:</strong></span> 
     </span>
     <span class='ocr_line' id='line_1_32' title="bbox 320 3366 1443 3469; baseline 0.008 -44"><span class='ocrx_word' id='word_1_224' title='bbox 320 3388 385 3426; x_wconf 83' lang='lat' dir='ltr'><strong>sum</strong></span> <span class='ocrx_word' id='word_1_225' title='bbox 407 3368 466 3428; x_wconf 83' lang='lat' dir='ltr'><strong>aeri</strong></span> <span class='ocrx_word' id='word_1_226' title='bbox 489 3367 632 3446; x_wconf 80' lang='lat' dir='ltr'><strong>languore</strong></span> <span class='ocrx_word' id='word_1_227' title='bbox 652 3366 782 3448; x_wconf 78' lang='lat' dir='ltr'><strong>gravari.</strong></span> <span class='ocrx_word' id='word_1_228' title='bbox 826 3368 915 3441; x_wconf 88' lang='lat' dir='ltr'><strong>Quod</strong></span> <span class='ocrx_word' id='word_1_229' title='bbox 939 3388 1009 3430; x_wconf 85' lang='lat' dir='ltr'><strong>mex</strong></span> <span class='ocrx_word' id='word_1_230' title='bbox 1030 3370 1176 3433; x_wconf 78' lang='lat' dir='ltr'><strong>dunelmo</strong></span> <span class='ocrx_word' id='word_1_231' title='bbox 1195 3378 1443 3469; x_wconf 52' lang='lat' dir='ltr'><strong>assus-ffigut</strong></span> 
     </span>
     <span class='ocr_line' id='line_1_33' title="bbox 319 3458 1435 3563; baseline 0.01 -46"><span class='ocrx_word' id='word_1_232' title='bbox 319 3458 415 3532; x_wconf 79' lang='lat' dir='ltr'><strong>dans,⁸</strong></span> <span class='ocrx_word' id='word_1_233' title='bbox 435 3481 614 3542; x_wconf 80' lang='lat' dir='ltr'><strong>magnopere</strong></span> <span class='ocrx_word' id='word_1_234' title='bbox 643 3466 782 3543; x_wconf 73' lang='lat' dir='ltr'><strong>pietatus</strong></span> <span class='ocrx_word' id='word_1_235' title='bbox 803 3467 851 3524; x_wconf 89' lang='lat' dir='ltr'><strong>est</strong></span> <span class='ocrx_word' id='word_1_236' title='bbox 871 3462 1025 3543; x_wconf 79' lang='lat' dir='ltr'><strong>quatinus,</strong></span> <span class='ocrx_word' id='word_1_237' title='bbox 1044 3464 1174 3546; x_wconf 75' lang='lat' dir='ltr'><strong>antiqua</strong></span> <span class='ocrx_word' id='word_1_238' title='bbox 1193 3462 1435 3563; x_wconf 51' lang='lat' dir='ltr'><strong>isui-⁸2¹⁸*-</strong></span> 
     </span>
    </p>
   </div>
   <div class='ocr_carea' id='block_1_5' title="bbox 319 3554 1281 3628">
    <p class='ocr_par' dir='ltr' id='par_1_9' title="bbox 319 3554 1281 3628">
     <span class='ocr_line' id='line_1_34' title="bbox 319 3554 1281 3628; baseline 0.011 -15"><span class='ocrx_word' id='word_1_239' title='bbox 319 3554 451 3615; x_wconf 83' lang='lat' dir='ltr'><strong>lisritate</strong></span> <span class='ocrx_word' id='word_1_240' title='bbox 471 3556 669 3628; x_wconf 79' lang='lat' dir='ltr'><strong>eonsidersts,</strong></span> <span class='ocrx_word' id='word_1_241' title='bbox 689 3555 729 3617; x_wconf 83' lang='lat' dir='ltr'><strong>sd</strong></span> <span class='ocrx_word' id='word_1_242' title='bbox 756 3556 974 3619; x_wconf 74' lang='lat' dir='ltr'><strong>consulendum</strong></span> <span class='ocrx_word' id='word_1_243' title='bbox 998 3557 1110 3622; x_wconf 68' lang='lat' dir='ltr'><strong>mima</strong></span> <span class='ocrx_word' id='word_1_244' title='bbox 1130 3578 1195 3623; x_wconf 69' lang='lat' dir='ltr'><strong>sua</strong></span> <span class='ocrx_word' id='word_1_245' title='bbox 1214 3558 1281 3623; x_wconf 77' lang='lat' dir='ltr'><strong>sine</strong></span> 
     </span>
    </p>
   </div>
   <div class='ocr_carea' id='block_1_6' title="bbox 348 3856 1283 3991">
    <p class='ocr_par' dir='ltr' id='par_1_10' title="bbox 348 3856 1283 3991">
     <span class='ocr_line' id='line_1_35' title="bbox 349 3856 1283 3933; baseline 0.017 -34"><span class='ocrx_word' id='word_1_246' title='bbox 349 3856 471 3917; x_wconf 66' lang='lat' dir='ltr'><strong>&#39;ssd-xis]</strong></span> <span class='ocrx_word' id='word_1_247' title='bbox 486 3857 575 3908; x_wconf 70' lang='lat' dir='ltr'><strong>indixit.</strong></span> <span class='ocrx_word' id='word_1_248' title='bbox 587 3860 615 3903; x_wconf 80' lang='grc' dir='ltr'><strong>Α.</strong></span> <span class='ocrx_word' id='word_1_249' title='bbox 850 3857 919 3906; x_wconf 68' lang='lat' dir='ltr'><strong>&#39;us</strong></span> <span class='ocrx_word' id='word_1_250' title='bbox 950 3860 1056 3910; x_wconf 71' lang='lat' dir='ltr'><strong>Assos-s</strong></span> <span class='ocrx_word' id='word_1_251' title='bbox 1084 3864 1211 3933; x_wconf 63' lang='lat' dir='ltr'><strong>udus]</strong></span> <span class='ocrx_word' id='word_1_252' title='bbox 1242 3866 1283 3919; x_wconf 60' lang='lat' dir='ltr'>Q</span> 
     </span>
     <span class='ocr_line' id='line_1_36' title="bbox 348 3928 1128 3991; baseline 0.012 -16"><span class='ocrx_word' id='word_1_253' title='bbox 348 3928 518 3991; x_wconf 59' lang='lat' dir='ltr'><strong>&#39;wanted</strong></span> <span class='ocrx_word' id='word_1_254' title='bbox 532 3929 666 3983; x_wconf 65' lang='lat' dir='ltr'><strong>Mutus.</strong></span> <span class='ocrx_word' id='word_1_255' title='bbox 676 3931 707 3978; x_wconf 85' lang='grc' dir='ltr'><strong>Δ.</strong></span> <span class='ocrx_word' id='word_1_256' title='bbox 819 3931 988 3981; x_wconf 58' lang='lat' dir='ltr'><strong>cuniam</strong></span> <span class='ocrx_word' id='word_1_257' title='bbox 1119 3952 1128 3968; x_wconf 93' lang='lat'><strong>·</strong></span> 
     </span>
    </p>
   </div>
   <div class='ocr_carea' id='block_1_7' title="bbox 0 0 1572 4890">
    <p class='ocr_par' dir='ltr' id='par_1_11' title="bbox 0 0 1572 4890">
     <span class='ocr_line' id='line_1_37' title="bbox 0 0 1572 4890; baseline 0 1"><span class='ocrx_word' id='word_1_258' title='bbox 0 0 1572 4890; x_wconf 95' lang='lat' dir='ltr'><strong> </strong></span> 
     </span>
    </p>
   </div>
  </div>
 </body>
</html>
