3136 4890
309 580 456 627 nuomosr
478 581 588 627 mnus
609 581 748 626 ausuum
769 580 1018 628 mensarmoorr.
1088 566 1150 628 437

53 816 57 827 ,
190 755 366 835 Rotomagi,¹
390 755 496 816 Helias
518 757 649 826 nomine,
670 755 718 817 his
745 758 853 819 diebus
881 756 1077 820 cantuariam
1099 776 1153 817 ve·

60 850 64 865 '
121 872 125 887 ·
189 850 281 916 niens,
301 868 370 907 eum
400 870 448 907 me
479 851 625 909 referente
658 850 835 911 miraculum
866 852 947 930 quod
977 851 1151 931 nuperrima

54 998 57 1009 ,
189 940 275 1002 retuli
318 942 461 1013 audisset,
497 944 667 1005 sciscitatus
708 949 755 1004 est
790 950 964 1006 utrumnam
999 944 1152 1006 memorias

53 1074 56 1081 ·
113 1096 122 1117 ι
188 1057 260 1097 meze
282 1038 395 1098 inesset
416 1039 554 1100 mirabile
575 1040 688 1100 sactum
711 1040 742 1100 in
766 1061 806 1111 se,
828 1048 962 1121 tempore
982 1059 1043 1120 que
1063 1048 1153 1120 pater

187 1130 348 1190 Ansehnus
374 1132 534 1212 Rotomagi
563 1134 745 1205 morabatur,
766 1133 805 1193 ob
833 1133 943 1194 merita
972 1133 1067 1214 ipsius
1097 1151 1152 1212 pa·

187 1223 242 1284 tris
263 1231 478 1304 perpetratum.
523 1226 580 1287 cui
602 1246 671 1287 eum
693 1227 912 1307 respondissem
932 1246 981 1288 me
1002 1245 1057 1288 uec
1076 1224 1152 1306 quid

187 1319 288 1380 auimo
321 1321 460 1382 volveret
489 1328 544 1382 aut
572 1322 644 1401 quid
674 1322 772 1382 diosre
801 1320 894 1383 vellet
924 1322 1032 1402 quovis
1061 1327 1151 1402 paeto

188 1413 439 1486 animadvertere,
473 1425 489 1448 ‘⁴
505 1416 652 1476 hiimhilis
687 1415 801 1487 homo,”
835 1417 888 1488 ait,
921 1416 1151 1479 ‘'reeordarisne

189 1514 204 1538 “
224 1507 331 1565 saltem
355 1510 454 1586 ipsum
477 1511 598 1567 beatum
622 1516 746 1586 patrem,
761 1510 847 1584 cujus
867 1509 1011 1587 obsequio
1029 1510 1153 1569 sedum

188 1609 203 1633 “
226 1603 365 1663 insistere
386 1604 510 1674 solebas,
531 1623 630 1664 saeros
658 1604 777 1663 ordines
806 1603 987 1685 Rotomagi¹
1015 1605 1153 1684 aliquan·

189 1704 205 1728 “
226 1696 266 1755 do
287 1697 560 1757 administrassei”
602 1695 753 1776 “bingis''
776 1696 907 1775 iuquam,
935 1696 1017 1759 “hee
1044 1697 1154 1757 firmis·

189 1789 302 1849 “sime
331 1791 392 1850 seio
420 1810 511 1869 quam
541 1789 702 1849 recorder.”
754 1786 945 1863 '‘Qualiter’'
971 1789 1024 1861 ait,
1055 1795 1155 1853 “tuno

191 1891 204 1913 '¹
227 1884 361 1963 elapsum
384 1904 403 1944 a
425 1885 567 1945 memoria
597 1891 651 1944 tua
678 1889 725 1943 est
754 1884 834 1962 quod
864 1882 938 1944 mihi
967 1882 1006 1944 ad
1035 1902 1154 1945 uerum
1183 1924 1186 1929 -

191 1977 364 2034 “ordinem
400 1976 623 2054 suscipiendum
655 1976 736 2034 inter
764 1976 838 2034 aiios
868 1994 930 2054 prae
958 1974 1026 2035 aliia
1054 1976 1155 2055 gratis

191 2075 206 2099 “
230 2075 284 2128 tua
305 2070 465 2128 ‹ilsecutuu
487 2069 583 2137 fuisti,
606 2075 711 2146 utpote
733 2090 821 2147 quum
846 2069 1025 2143 gravissimo
1050 2068 1153 2130 dolore

192 2168 208 2191 ‘⁴
230 2168 262 2220 et
284 2163 476 2238 ultraquam
498 2162 578 2221 credi
605 2162 700 2240 possit
726 2180 804 2238 genu
836 2165 976 2240 turgente
1006 2160 1153 2221 afflictum

191 2262 206 2285 ‘¹
229 2254 334 2311 vidisti
358 2255 475 2333 nonnisi
498 2273 517 2312 a
538 2254 655 2312 duobus
678 2252 819 2309 fratribus
841 2259 1045 2314 sustentatum
1067 2272 1153 2332 pona

192 2354 206 2376 ¹·
230 2347 261 2404 in
291 2346 406 2405 ordinis
434 2346 622 2424 susceptione
650 2343 834 2402 subsisteret
877 2344 914 2404 Et
945 2346 1051 2424 utique
1079 2354 1155 2407 tune

193 2446 209 2468 ‘⁴
234 2440 290 2497 tihi
314 2439 449 2498 innotuit
476 2436 726 2516 ‹premadmodum
756 2453 824 2492 mox
855 2436 907 2496 ubi
936 2459 984 2498 me
1013 2438 1153 2498 manibus

193 2541 208 2563 ‘⁴
231 2536 389 2610 prmsentis
417 2533 565 2591 antistitis
593 2528 753 2589 sacrandus
785 2528 955 2602 humiliavi,
985 2552 1021 2593 ae
1050 2532 1154 2592 Domi·

194 2635 209 2658 ¹⁴
231 2647 304 2686 num
327 2627 491 2695 Christum,
515 2632 549 2684 ut
569 2622 666 2684 ordini
688 2620 880 2700 suscipiendo
904 2633 995 2704 aptus
1016 2626 1155 2697 existere,

192 2730 206 2751 ¹·
229 2723 419 2799 corporisque
449 2721 609 2779 sanitatem
639 2722 761 2795 propter
790 2719 898 2777 merita
925 2726 956 2779 et
986 2720 1153 2781 interemi·

192 2824 208 2845 “
230 2836 301 2874 ones
337 2816 430 2893 ipsius
466 2813 560 2891 patris
589 2829 716 2869 mererer
743 2810 878 2889 adipisci,
907 2831 961 2890 pro
989 2831 1075 2891 poaae
1103 2812 1153 2873 da·

194 2918 209 2944 “
231 2919 321 2972 votus
357 2913 449 2983 oravi,
478 2909 558 2969 illice
588 2907 692 2967 sedete
725 2913 841 2969 tumore
875 2929 909 2970 ae
936 2909 1043 2989 fugate
1070 2909 1153 2971 omni

194 3014 208 3037 ‘¹
230 3006 339 3073 dolore,
362 3014 444 3066 totus
468 2999 626 3064 convalui!
676 3001 751 3074 Qum
781 3003 832 3060 uhi
862 3003 966 3061 audivi
994 3002 1153 3064 somenam

194 3101 312 3178 agmori.
364 3101 404 3158 Et
434 3098 604 3175 intelligens
634 3105 744 3154 cuneta
774 3098 930 3155 verissima
958 3117 1030 3165 ease,
1059 3096 1156 3157 fateor

194 3192 310 3260 erubui,
333 3213 440 3271 meque
468 3191 565 3269 ipsum
588 3186 677 3247 valde
707 3188 903 3268 reprehendi,
924 3209 960 3249 eo
987 3188 1067 3269 quod
1091 3198 1154 3250 tam

195 3286 319 3344 evidens
348 3294 380 3346 et
408 3285 520 3363 grande
556 3283 733 3342 miraculum
771 3286 802 3342 in
834 3285 938 3344 ordino
967 3284 1041 3345 vito
1072 3283 1155 3344 beati
1248 3350 1255 3359 ,

194 3379 253 3436 viri
282 3378 380 3438 locum
410 3398 505 3444 suum,
528 3376 642 3434 desidia
671 3397 737 3436 mea
767 3378 958 3457 prandente,
982 3376 1155 3456 perdiderit.

195 3471 254 3530 Hie
275 3471 378 3550 itaque
400 3472 470 3532 lieet
490 3488 555 3529 aero
577 3470 692 3530 dictum
715 3478 746 3529 et
767 3472 913 3530 creditum
935 3470 983 3530 sit

235 3564 320 3623 Inter
340 3563 405 3624 haee
426 3564 505 3623 tanti
527 3564 585 3621 viri
609 3563 739 3639 insignia
762 3563 975 3631 incendiatur
996 3583 1031 3624 ae
1059 3565 1305 3669 ”Wffi'h
1375 3594 1379 3601 ·

194 3659 250 3717 bus
282 3658 421 3737 frequens
452 3658 491 3716 ad
524 3656 735 3735 sepulchrum¹
766 3658 830 3733 ejus
862 3658 989 3718 fratrum
1018 3666 1297 3798 mua&

193 3759 267 3821 erat,
288 3751 416 3827 singulis
437 3749 524 3809 dulee
546 3751 728 3810 habentibus
751 3758 851 3809 notre⁸
868 3751 974 3828 pietati
989 3750 1037 3812 sui
1064 3753 1247 3843 uariam

192 3844 261 3904 simi
291 3843 385 3924 patria
417 3861 486 3900 suaa
518 3843 613 3920 siquae
645 3842 839 3919 emergebant
869 3844 1062 3904 necessitates
1089 3843 1156 3905 aui·

193 3956 310 3998 marum
340 3936 387 3996 vel
416 3954 574 4013 corporum
603 3937 688 4015 quasi
718 3936 790 3994 vivo
819 3936 1000 4016 depromere,
1021 3945 1054 3997 et
1084 3936 1155 3999 ind·

193 4098 346 4107 ——-.-
390 4100 396 4105 .
451 4098 469 4103 --
488 4098 495 4103 -
578 4100 601 4105 .-
649 4100 662 4105 -
685 4098 736 4106 --
770 4098 780 4106 ι

226 4188 381 4254 'amn
395 4190 545 4251 umam-gi,
561 4191 599 4245 n..
610 4192 655 4236 aa
729 4188 902 4250 amaa]
916 4189 1078 4247 unu-u.

193 4264 333 4312 mur.
730 4260 951 4322 nummus.
