3136 4890
512 536 664 585 msnouut
684 534 841 583 uovoaunt
862 533 899 581 ιιι
919 532 1048 583 monta
1203 521 1263 582 109

298 720 313 747 ‘¹
333 715 468 793 ceperat·
485 715 703 792 percunctatus
734 715 788 781 est,
810 713 915 770 utrum
936 727 972 771 os
1000 707 1082 790 quod
1106 705 1264 779 attulerat,
1290 717 1408 769 nna

297 815 313 840 “
334 807 407 868 dato
428 804 534 886 pretio,
556 805 669 885 reginis
691 802 795 884 injus
816 802 971 883 proprium
997 799 1164 864 transferre
1183 819 1265 865 euro

298 906 314 932 ‘⁴
334 898 437 961 osset.”
491 898 574 973 Quid
603 897 723 958 multat
774 896 985 977 Investigatur
1013 894 1052 957 da
1083 914 1117 956 ra
1143 894 1265 956 mimus

298 992 429 1053 dominio
450 997 482 1053 et
512 989 670 1052 invenitur
698 988 943 1071 promptissimus
978 1008 1062 1064 essa;
1092 993 1207 1052 eertum
1230 1006 1264 1050 aa

298 1087 511 1148 tantummodo
552 1085 711 1164 episcopus
745 1084 864 1154 faceret,
903 1083 1002 1164 ipsum
1041 1102 1075 1146 os
1112 1081 1264 1145 nominati

296 1177 426 1257 apostoli
448 1195 553 1238 reuera
574 1174 675 1246 tuisse,
699 1180 732 1235 et
753 1174 857 1235 taliter
884 1181 921 1235 ut
948 1174 1080 1255 ipsamet
1098 1180 1265 1237 testaretur

297 1269 364 1342 sibi,
385 1269 507 1331 sublata
531 1267 614 1331 omni
637 1265 849 1348 ambiguitate
871 1266 1069 1330 satisfactum.
1110 1267 1160 1329 Ad
1182 1265 1264 1348 quod

298 1363 375 1435 illo,‘
377 1363 487 1438 ‘Quoss‘
502 1363 633 1441 inquit,‘
634 1360 786 1423 ‘''modoi
814 1359 939 1442 “Super
953 1360 1097 1442 Comus?
1109 1362 1193 1432 eiam
1201 1361 1262 1424 Do·

299 1454 489 1523 “minianum
509 1459 542 1514 et
562 1472 653 1532 super
674 1456 847 1513 sanctorum
868 1451 1013 1530 reliquias
1034 1471 1111 1531 quas
1139 1452 1168 1512 ei
1196 1470 1266 1531 ptu-

298 1555 313 1581 “
335 1567 446 1628 ponam
470 1545 671 1626 jurejurando
705 1543 877 1617 asseuerot¹
912 1545 1057 1625 reliquias
1089 1544 1127 1606 do
1155 1543 1267 1626 quibus

297 1641 438 1721 “agitur
479 1641 630 1702 voraciter
671 1659 736 1701 essa
773 1638 811 1700 da
852 1657 975 1718 terpora
1012 1638 1095 1700 beati
1136 1637 1266 1719 apostoli

298 1741 313 1766 '⁸
335 1732 563 1806 Bartholomei;
583 1740 615 1793 et
636 1733 676 1803 id,
698 1737 816 1793 remota
835 1732 919 1793 omni
944 1731 1184 1812 aequivoeationo
1210 1728 1268 1795 ω’

298 1833 314 1859 “
334 1825 529 1906 sophismate,
544 1825 664 1889 iaoiat'’
706 1824 824 1895 “fleo'’
839 1824 943 1905 inquit
958 1823 1123 1906 episeopus,
1137 1831 1267 1887 “neura

299 1928 313 1952 '⁸
335 1941 383 1980 me
405 1920 556 1982 foetorum
578 1918 747 1998 pollieeor.''
789 1917 924 1981 Veniens
947 1918 1052 2000 itaqua
1066 1917 1266 1982 cantuariam
1365 1946 1369 1955 ·

297 2031 366 2073 eum
395 2013 518 2074 brachio
549 2013 621 2091 ipso,
652 2018 745 2092 prout
773 2011 820 2071 illi
850 2031 905 2072 rex
937 2019 970 2072 et
993 2012 1100 2093 regina
1128 2012 1265 2074 dietave-
1389 2014 1395 2023 '

298 2111 375 2175 rant,
407 2106 549 2167 decenter
587 2111 745 2185 sutseeptus
780 2110 834 2165 est
899 2105 1032 2166 Astama
1063 2104 1159 2186 igitur
1191 2105 1265 2186 ipsa

298 2198 513 2262 monachorum
544 2219 664 2279 quoquo
693 2217 729 2260 ae
760 2197 937 2260 elericorum
966 2199 1113 2261 immenso
1143 2199 1265 2279 agmina

297 2311 363 2352 eoin
386 2293 529 2362 vallanto,
561 2292 737 2369 intorques
765 2291 857 2351 otiam
893 2310 986 2370 supra
1015 2293 1174 2352 memorati
1203 2292 1264 2351 viri
1349 2296 1355 2305 ‘

297 2403 316 2444 a
343 2385 455 2465 quibus
482 2385 547 2445 hmo
576 2383 748 2464 accepimus
776 2403 808 2443 se
837 2389 1003 2463 presentes
1032 2383 1126 2445 tuisse
1157 2383 1263 2446 testati

296 2485 377 2550 sunt,
408 2498 628 2559 numerosaque
658 2478 817 2557 utriusque
845 2496 936 2538 sexus
967 2483 999 2538 et
1026 2477 1129 2539 aetatu
1158 2477 1263 2539 multi·

298 2573 405 2632 tudine
426 2574 465 2634 ob
493 2573 550 2634 hoo
571 2571 753 2634 convolanto
781 2577 813 2630 et
837 2570 1001 2643 audinum
1018 2571 1151 2649 jurando
1171 2590 1263 2651 super
1353 2633 1361 2647 ,

296 2663 392 2723 altore
422 2672 454 2723 et
482 2664 599 2742 Corpus
631 2663 755 2732 Christi,
788 2681 882 2722 neena
913 2669 1086 2723 sanatorum
1118 2662 1262 2742 reliquias

296 2774 371 2833 quas
410 2756 540 2815 Beatum
580 2754 758 2834 Gregoriuni
799 2753 913 2815 Sancto
952 2754 1134 2834 Augustino,
1171 2754 1261 2817 aliea·

297 2869 354 2928 quo
384 2849 535 2911 Romanos
555 2848 715 2929 pontifices
736 2847 805 2908 aliis
825 2846 1065 2927 aroliiopiseopia,
1094 2847 1262 2911 destinasse

296 2944 399 3012 scitur,
429 2944 624 3010 asseveravit,
658 2941 755 3020 ipsum
789 2959 822 3000 os
843 2959 904 3019 quo
924 2938 985 2999 do⁸
1004 2960 1102 3001 sermo
1130 2940 1262 3003 habeba·

297 3042 348 3094 tur
380 3036 467 3096 Beati
499 3032 706 3094 Bartholomei
736 3031 865 3111 apostoli
896 3031 1053 3112 proprium
1078 3032 1179 3105 tuisse,
1206 3052 1263 3096 naa
1365 3064 1371 3073 ·

297 3127 354 3208 ipsi
390 3129 549 3208 assertioni
584 3147 646 3187 suso
682 3124 799 3204 aliquid
829 3125 954 3186 omnino
983 3124 1179 3205 sophismatis
1206 3132 1264 3189 aut

299 3221 548 3297 equivocotionin
580 3220 683 3277 inesse.
741 3217 809 3290 Quo
848 3217 936 3286 laeto,
970 3219 1173 3279 memorabilis
1207 3220 1262 3281 do·

187 3364 190 3376 .
298 3315 382 3373 mina
410 3312 604 3392 quamplures
625 3309 744 3387 argenti
776 3308 869 3367 libras
898 3309 1033 3369 antistiti
1063 3309 1202 3383 eontulit,
1230 3315 1264 3371 at

297 3425 361 3465 osso
397 3407 495 3486 potita
532 3403 607 3462 illud
648 3401 781 3462 ecclesiae
813 3400 929 3461 Christi
964 3399 1179 3463 cantuariensi
1215 3421 1263 3464 ιο·
1327 3434 1335 3449 ·

298 3499 389 3559 lemni
420 3499 584 3560 donatione
614 3517 651 3556 ex
685 3502 771 3575 parto
799 3492 878 3575 regis
910 3492 1012 3556 Cnudi
1043 3514 1157 3575 suque
1191 3515 1262 3558 eon·

295 3593 393 3650 cessit
456 3590 523 3649 Illis
557 3588 670 3665 quippo
712 3586 819 3645 diebus
854 3585 905 3645 hie
939 3605 1003 3645 mos
1044 3586 1153 3665 Angli·
1186 3596 1261 3658 arat,

296 3681 465 3759 patrocinia
486 3687 658 3740 sonctorum
688 3678 828 3739 omnibus
856 3676 959 3738 saeculi
987 3676 1077 3738 robus
1103 3678 1261 3741 maana

296 3773 436 3834 Pontifex
472 3792 592 3853 quoquo
627 3771 706 3833 aedis
749 3770 851 3852 ipsius,
886 3769 1088 3852 Egalnotbna
1129 3772 1261 3846 nomba,

297 3867 380 3928 inter
413 3867 531 3947 reliqua
565 3887 634 3946 quae
668 3864 785 3926 homini
814 3863 909 3936 dedit,
939 3882 1065 3945 cappam
1094 3863 1141 3927 illi
1171 3864 1262 3930 valdo

326 4029 472 4093 ιωωα]
507 4030 630 4080 sona.
776 4034 784 4159 Ι
824 4009 1097 4094 mam-ea
1274 4102 1278 4109 Ι

324 4102 521 4166 'ul-sm
1009 4156 1013 4161 .
1170 4124 1177 4139 .
