3136 4890
297 542 338 600 84
510 554 658 603 nrsronn
676 521 836 617 uovoiuu
856 555 892 602 ne
911 555 1040 604 iustu.

150 745 267 794 mn
296 734 313 764 ‘¹
333 728 413 810 quod
453 748 611 810 nunquam
643 725 774 812 emplius
808 725 910 790 sedem
945 724 1050 790 senes
1085 723 1168 789 Petri
1202 723 1254 811 vel

296 826 316 856 “
334 822 399 901 ejus
432 822 579 883 vicariurn
613 841 668 902 pro
701 821 811 902 quevis
840 841 907 901 quse
939 820 999 882 tibi
1029 826 1124 900 quest
1154 819 1252 901 ingeri

296 921 313 950 ⁴¹
331 934 422 979 muso
454 913 598 998 appelles,
632 918 688 977 sut
722 913 780 976 sub
811 913 896 976 omni
923 912 1080 976 ecleritote
1103 913 1142 975 ds
1170 918 1252 974 terro
1264 929 1366 983 unser

295 1017 312 1045 ⁰¹
331 1030 387 1072 rue
419 1010 545 1076 recedes
600 1007 642 1073 Et
669 1009 696 1071 si
724 1009 830 1084 musis,
861 1007 1040 1090 interposito
1071 1006 1128 1071 boc
1155 1027 1253 1071 seers-

294 1110 311 1138 “
330 1109 442 1177 mento,
469 1123 622 1166 remancre
649 1122 741 1183 quom
770 1103 913 1174 recedere,
943 1107 1017 1165 tuno
1048 1109 1079 1165 to
1106 1102 1147 1164 nd
1169 1103 1253 1184 judi·

293 1204 311 1232 '⁶
331 1199 410 1262 cium
429 1198 522 1261 curin
542 1217 604 1261 suro
625 1196 763 1280 praecipit
784 1196 843 1260 sibi
871 1195 1038 1269 omendsro,
1058 1195 1140 1278 quod
1161 1196 1199 1258 de
1219 1215 1254 1259 re

292 1300 309 1328 ‘¹
329 1293 363 1355 in
378 1313 438 1376 qus
455 1313 517 1357 non
533 1313 598 1357 oms
616 1298 716 1357 certus
729 1297 761 1357 ts
778 1296 1040 1375 perseveraturum
1057 1310 1149 1354 susus
1164 1289 1251 1354 suisti
1308 1346 1312 1353 .
1389 1367 1392 1374 Ι

291 1396 308 1424 “
329 1407 398 1450 oum
417 1390 529 1452 totiens
543 1387 739 1470 inquictsre''
778 1389 941 1462 Dixerunt,
956 1395 990 1452 ct
1003 1388 1042 1451 od
1063 1409 1163 1471 regom
1183 1409 1252 1470 pro·

292 1482 377 1546 tinus
395 1483 507 1547 reversi
535 1489 614 1546 sunt.
665 1483 751 1549 Tunc
771 1482 932 1545 dussimus
966 1502 1035 1546 eum
1062 1483 1126 1544 suis
1157 1501 1254 1565 psum

293 1579 412 1641 locutus
428 1580 569 1653 surrexit,
590 1585 681 1660 etque
701 1580 741 1641 od
762 1599 870 1661 regem,
891 1576 979 1640 nobis
999 1599 1069 1641 eum
1090 1598 1253 1660 presquen·

292 1665 384 1748 tibus,
406 1673 565 1755 ingressus,
580 1675 719 1736 dextram
734 1672 817 1734 iliius
831 1693 869 1734 ex
884 1691 966 1734 more
980 1672 1099 1734 essedit
1135 1672 1254 1734 Deinde

291 1767 445 1830 mundetis
472 1788 540 1850 queo
567 1787 587 1832 ι
617 1767 736 1831 nunciis
757 1772 913 1849 occeperat
939 1767 973 1828 in
999 1766 1157 1830 audientia
1186 1766 1251 1846 ejus

211 1921 217 1927 .
290 1861 468 1942 singulatim
488 1862 702 1942 recepitulntis,
717 1866 930 1941 percunctatus
948 1867 996 1921 cst
1015 1861 1210 1924 utrumnom¹
1231 1881 1252 1924 n

290 1952 368 2017 ineis
389 1955 482 2037 ipsius
496 1975 532 2018 eo
554 1953 692 2035 quesibi
713 1955 796 2016 dicto
816 1952 962 2015 fuerunt·
981 1954 1070 2016 modo
1091 1974 1161 2016 vere
1182 1975 1251 2036 pro·

288 2050 439 2111 cesserint
483 2049 523 2111 Et
535 2049 641 2110 sedito
661 2068 766 2110 revers
786 2047 970 2128 processisse,
991 2047 1072 2111 illico
1090 2049 1250 2130 quidinde

224 2163 269 2244 a
288 2143 415 2202 sentiret
448 2141 503 2203 tuli
533 2140 699 2202 subintulit
718 2160 791 2202 voce
819 2142 931 2212 dicens,
954 2141 1067 2215 “Quod
1094 2143 1171 2204 dieis
1201 2163 1250 2204 mo

194 2247 254 2336 Ἄ
287 2240 305 2268 “
326 2235 383 2297 tibi
396 2234 567 2318 promisisse
581 2254 653 2296 usus
667 2239 699 2297 et
719 2235 952 2297 eonsuetudines
965 2241 1034 2297 tues
1048 2240 1249 2310 servaturum,

286 2336 310 2368 “⁴
323 2333 355 2390 et
375 2349 425 2390 ess
452 2334 559 2393 eontra
586 2348 689 2390 omnes
709 2328 846 2390 homines
868 2336 968 2392 tecum
990 2329 1122 2393 fideliter
1145 2329 1248 2392 defen·

286 2429 303 2456 '¹
323 2440 446 2496 surum
474 2421 571 2482 inteor
591 2441 696 2483 verum
718 2442 782 2483 esso
809 2442 1025 2502 cognoscerem,
1056 2423 1082 2482 si
1112 2443 1148 2485 eo
1178 2423 1247 2485 illos

285 2523 302 2554 ‘¹
322 2521 410 2600 poeto
430 2516 645 2600 distinguendo
661 2516 815 2600 proferres,
830 2536 891 2599 quo
905 2523 979 2584 tuno
992 2516 1138 2599 temporis
1151 2536 1247 2599 quen-

284 2618 301 2646 “
321 2612 360 2673 de
380 2610 538 2692 promissio
560 2612 625 2690 ipse
645 2613 683 2673 de
704 2630 765 2692 qun
789 2612 854 2692 egis
885 2611 966 2674 sucta
994 2619 1041 2673 est
1071 2632 1122 2674 eos
1154 2612 1246 2675 fuisse

284 2712 300 2737 '⁴
320 2704 480 2767 distinctos
511 2705 722 2766 indubitanter
756 2704 903 2765 recordor.
954 2705 1024 2765 Scio
1055 2706 1167 2786 quippo
1197 2726 1245 2767 mo

247 2787 254 2802 ’
283 2807 299 2833 ··
320 2801 524 2882 spopondisse,
538 2798 772 2863 eonsuetudines
793 2803 870 2870 tuos,
891 2797 988 2880 'ipsas
1008 2797 1152 2862 videlicet
1171 2818 1246 2881 ques

282 2899 300 2926 “
320 2900 390 2974 ‘per
409 2895 622 2956 rectitudinem
651 2899 683 2954 et
701 2893 867 2955 secundum
892 2893 992 2954 Deum
1023 2893 1056 2954 in
1077 2913 1169 2975 regno
1191 2901 1245 2955 tuo

283 2993 298 3020 '¹
320 2987 478 3068 ‘possides
507 3007 554 3049 me
582 2987 748 3050 secundum
777 2985 876 3047 Deum
904 2991 1106 3060 servaturum,
1130 2992 1162 3049 ct
1192 3008 1243 3049 eos

282 3086 298 3112 ‘⁴
321 3086 392 3161 ‘per
408 3081 563 3162 justitium
583 3085 690 3143 contro
711 3099 814 3142 omnes
834 3077 972 3141 homines
992 3099 1048 3160 pro
1068 3100 1134 3143 mco
1156 3101 1242 3162 posue

123 3180 255 3269 affl
281 3179 297 3205 ‘¹
318 3173 569 3235 ‘defensurum''’
612 3175 650 3234 In
674 3174 722 3234 his
742 3175 844 3234 verbis
863 3193 931 3235 eum
953 3194 1007 3234 rex
1029 3179 1062 3234 et
1089 3175 1239 3256 principos

123 3274 229 3365 *³⁵32
281 3267 328 3327 sui
342 3286 420 3331 eece
434 3274 535 3330 mente
557 3267 729 3348 objicerent,
755 3287 790 3331 uc
806 3266 1008 3348 jurisjurandi
1029 3267 1238 3349 interjectione

122 3322 258 3463 Q
280 3362 442 3436 timerent,
457 3384 513 3426 nee
526 3371 542 3397 ‘¹
553 3363 609 3425 Dei
619 3361 636 3389 ’'
656 3383 712 3426 neo
732 3361 951 3424 “rectitudinis
962 3360 978 3386 '⁹
995 3361 1028 3423 in
1041 3362 1108 3444 ipse
1121 3365 1239 3445 spensi-

59 3456 63 3462 ’
123 3460 178 3500 “⁸
278 3473 336 3517 ono
350 3455 443 3516 ullam
463 3457 648 3518 mentionem
670 3455 781 3518 suctum
801 3455 915 3527 iuisso;
935 3455 1020 3535 rupit
1033 3475 1121 3517 voees
1134 3477 1238 3519 eorum

121 3557 251 3647 ⁴⁸⁶3·
277 3548 439 3611 Anselmus
459 3557 491 3612 et
510 3551 563 3622 sit,
584 3550 698 3631 “Papo
731 3550 757 3610 si
784 3568 840 3611 nec
871 3548 929 3610 Dei
959 3569 1016 3612 nec
1045 3549 1237 3613 rectitudinis

121 3604 220 3691 Εὐ
277 3647 293 3674 ·
314 3641 437 3713 mentio,
457 3647 494 3701 ut
513 3642 621 3714 dicitis,
643 3644 723 3704 secto
752 3642 822 3714 fuit
843 3641 929 3722 eujus
951 3647 1046 3707 tunci
1086 3643 1178 3704 Absit
1197 3645 1237 3705 sb

119 3694 252 3792 ff*
275 3739 292 3767 “
313 3732 395 3796 omni
417 3731 599 3807 Christiano,
620 3735 701 3797 obsit
722 3733 802 3823 leges
823 3734 872 3795 vel
886 3733 1120 3797 eonsuetudines
1133 3741 1236 3798 tenere
1248 3753 1356 3805 utro.

304 3961 732 4070 mansu-immun-
808 4006 1233 4074 ifierrntJAltcrcdinLM
1289 4034 1292 4038 ⁴

271 4072 731 4141 mins.‚'vriringennpeuanr
792 4086 882 4129 semu.
1111 4087 1112 4090 ’

270 4151 583 4226 mrbdoutintomrgin.
