3150 4994
246 474 305 536 108
460 487 609 534 srsroms
630 488 787 536 uovonun
808 489 844 534 nr
865 487 990 536 aucun

104 671 220 720 ursa
245 659 377 723 eeclesia
405 658 520 722 Christi
550 658 764 721 cantuariensi
795 658 935 732 contulit,
966 657 1091 727 brechio
1122 655 1206 719 beati

244 752 371 835 apostoli
403 752 607 815 Bartholomei
629 753 726 834 ipsam
747 752 913 826 ecelesiam,
942 752 1122 834 disponente
1151 751 1205 814 do·

244 848 328 908 mino
354 866 409 910 suo
434 846 524 908 Onud
556 867 626 927 rege
657 847 834 927 Anglorum,
865 846 1086 909 sublimaverit.
1129 845 1206 920 Que

244 959 290 1002 res
310 939 442 1019 qualiter
460 944 531 1002 acta
551 938 651 1011 fucrit,
671 939 729 1003 hoc
750 941 839 1002 modo
860 941 941 1021 quod
966 961 1020 1022 per
1047 958 1203 1002 excessum
1217 947 1336 1004 lbera

243 1039 350 1116 eoeptm
369 1034 553 1097 narrationis
567 1035 626 1096 dici
649 1036 801 1116 patienter
821 1056 924 1116 quaeso
944 1035 1120 1117 accipiatur,
1142 1053 1206 1096 uno

242 1146 341 1199 sensu,
362 1128 428 1208 pari
442 1127 546 1188 ordine
561 1128 742 1189 referebant
784 1134 799 1160 ‘⁴
810 1126 983 1208 Tempore,”
1001 1127 1098 1199 aiunt,
1120 1134 1206 1205 “quo

141 1231 151 1245 ⁰
243 1223 260 1254 ¹¹
280 1220 347 1302 ipsa
366 1219 489 1281 domina
510 1220 589 1281 sieut
603 1221 710 1304 regina
730 1221 764 1281 in
784 1240 878 1303 regno
898 1220 1069 1303 Anglomm
1093 1237 1206 1302 magna

243 1320 260 1349 ‘⁴
279 1319 312 1377 et
339 1321 510 1396 praepotens
530 1314 708 1389 habebatur,
730 1317 869 1397 pontifex
891 1316 1023 1380 eeclesiae
1048 1315 1205 1376 Beneven-

243 1415 260 1443 ⁶'
281 1414 361 1469 tanm
375 1410 507 1470 venitin
527 1410 689 1489 Angliam3
709 1428 808 1487 quem,
823 1410 903 1470 sicut
923 1409 988 1488 ipse
1009 1407 1134 1480 ferebat,
1150 1407 1207 1467 im·

245 1506 260 1533 '¹
281 1501 379 1563 manis
398 1500 491 1563 fames
505 1502 596 1564 certis
611 1503 765 1583 pruesagiis
780 1508 877 1563 totam
890 1501 1036 1584 Apuliam
1056 1500 1207 1563 afflictura

244 1600 261 1628 '⁸
281 1595 334 1657 illo
361 1595 540 1666 deduxerat,
568 1595 694 1676 cupiens
726 1594 949 1676 aliquomodo,
976 1595 1001 1655 si
1022 1614 1084 1656 non
1104 1598 1208 1674 posset

189 1745 194 1755 ,
244 1693 260 1722 ‘⁴
280 1689 338 1749 toti
360 1688 533 1768 provinciae,
554 1687 663 1748 sellem
693 1687 756 1747 suis
785 1688 904 1749 civibus
936 1692 1058 1748 tantum
1090 1687 1205 1748 malum

151 1822 156 1833 .
244 1786 260 1814 ‘⁴
280 1780 461 1861 propulsare
505 1780 537 1841 Ie
552 1781 610 1840 iter
625 1781 779 1861 ingressus
799 1780 958 1842 brachium
973 1781 1061 1842 Beati
1076 1779 1206 1843 Bartho-

244 1879 261 1908 “
281 1874 369 1936 lomci
390 1873 520 1955 apesteli
541 1893 643 1937 secum
675 1873 797 1947 tulerat,
818 1895 870 1955 spe
894 1875 953 1935 sibi
974 1879 1058 1937 certa
1078 1875 1205 1955 promit·

244 1973 260 2000 ⁸⁴
280 1974 347 2027 tens
368 1987 400 2028 so
421 1986 474 2046 per
494 1966 570 2026 illud
598 1967 697 2027 multa
725 1966 921 2028 lucraturum.
974 1967 1061 2028 Idem
1090 1967 1204 2048 quippe

244 2065 259 2092 ¹¹
280 2058 445 2132 brachium,
466 2057 505 2120 ob
519 2057 693 2136 hujusmodi
715 2059 975 2120 necessitudinum
996 2058 1205 2122 contrahenda

243 2157 259 2186 ‘⁴
278 2151 420 2223 subsidia,
435 2152 466 2211 in
488 2150 555 2232 ipsa
574 2150 699 2213 ecclesia
721 2152 890 2214 Beneventi
911 2151 1064 2232 areliquo
1080 2172 1205 2235 corpore

244 2252 260 2278 ⁸¹
279 2244 458 2306 servabatur
498 2252 656 2306 remotum.
712 2245 880 2326 Episcopus
921 2248 1033 2325 itaque,
1073 2249 1205 2309 transita

242 2343 259 2370 ⁴⁸
279 2336 377 2409 Italia,
413 2337 499 2398 venit
528 2337 560 2397 in
592 2335 733 2409 Galliam,
765 2357 833 2417 quae
862 2337 921 2399 sibi
952 2337 1106 2400 dabantur
1136 2359 1204 2421 gra·

242 2435 259 2464 ⁴‘
278 2437 380 2492 tanter
400 2431 514 2511 ubique
535 2429 616 2492 bona
644 2429 818 2510 suscipiens.
860 2430 979 2493 Audita
1009 2451 1082 2494 vero
1111 2432 1204 2496 diviti

242 2530 257 2557 ¹¹
278 2524 360 2587 fama
380 2524 466 2604 regni
495 2523 675 2604 Anglorum,
695 2529 781 2585 ratus
801 2527 849 2585 cst
869 2523 928 2585 sibi
950 2544 987 2587 eo
1010 2526 1204 2605 progredien-

242 2624 257 2650 “
278 2617 360 2687 dum,
381 2637 419 2677 ox
444 2616 572 2676 aliorum
594 2617 757 2676 eventibus
778 2636 902 2695 sperans
923 2638 955 2677 se
983 2617 1046 2677 illic
1072 2618 1204 2696 amphus

241 2721 256 2746 '¹
277 2714 394 2774 caeteris
430 2712 603 2792 regionibus
637 2713 870 2791 adquisiturum.
920 2711 1051 2774 Praefata
1081 2732 1203 2794 quoque

242 2815 258 2843 ‘¹
278 2809 384 2892 regina
404 2810 506 2890 magni
527 2809 659 2870 nominis
678 2815 711 2871 ct
731 2809 899 2891 dirulgatm
920 2810 1009 2872 famm
1023 2809 1204 2887 habebatur,
1248 2888 1250 2892 Ι
1295 2870 1296 2873 ,

242 2911 258 2938 “
278 2924 369 2983 quam
390 2904 511 2965 bonitas
532 2923 587 2964 sua
608 2908 640 2964 ct
660 2923 721 2982 qua
741 2923 833 2982 super
853 2903 993 2965 eeclesias
1023 2904 1204 2983 respiciebat

242 3001 259 3028 '¹
279 2996 404 3077 largitas
425 2996 453 3057 ei
475 3002 640 3076 pepererat
682 2995 826 3056 Pontifex
856 2995 952 3080 igitur
981 2995 1128 3077 Angliam
1152 3017 1205 3059 ve·

242 3094 259 3121 ⁴⁸
281 3090 367 3150 niens
387 3089 484 3170 ipsam
506 3089 642 3170 reginam
663 3087 750 3162 adiit,
770 3096 811 3161 et,
832 3088 914 3151 illius
928 3089 1111 3153 allocutione
1124 3092 1203 3171 poti·

243 3189 259 3219 ⁴¹
280 3191 337 3257 tus.
358 3185 433 3264 quid
462 3185 616 3258 detulerit,
647 3205 738 3264 quam
768 3185 808 3247 ob
836 3205 959 3248 musam
987 3192 1052 3247 tam
1072 3193 1204 3249 remotas

198 3332 201 3338 .
242 3283 258 3309 ⁸¹
278 3275 358 3337 orbis
391 3276 503 3337 adierit
537 3283 646 3355 partes,
678 3276 857 3337 insinuavit.
906 3278 952 3338 At
985 3277 1040 3339 illa
1070 3277 1203 3340 hominis

243 3373 258 3400 '¹
277 3367 439 3429 mritativo
459 3368 562 3430 labore
581 3368 622 3430 ad
646 3368 883 3432 misericordiam
912 3369 993 3432 flexa
1013 3368 1051 3433 de
1079 3370 1143 3432 suis
1171 3371 1201 3434 ei

240 3469 256 3497 '¹
277 3461 395 3544 copiose
409 3461 519 3543 largita
539 3470 594 3535 est,
612 3468 645 3525 et
664 3461 753 3524 illum
774 3464 906 3546 patriam
927 3484 1068 3539 remeare,
1082 3485 1200 3530 necnon

241 3562 257 3589 '⁸
277 3555 321 3616 eis
355 3555 465 3632 quibus
499 3557 660 3616 imminens
691 3554 783 3616 famis
814 3556 984 3636 perieulum
1007 3557 1202 3621 ‚formidabat

241 3651 259 3679 '⁸
276 3644 438 3705 subvenire
471 3644 593 3707 hortata
621 3653 676 3708 est
727 3646 789 3709 Sed
822 3648 895 3729 ipse,
930 3648 1106 3732 intelligens
1139 3670 1202 3714 non
1212 3653 1331 3708 Bm

242 3744 258 3771 ⁰¹
278 3735 413 3800 sufficere
432 3735 490 3798 sihi
520 3737 560 3799 ad
588 3758 678 3800 suum
698 3740 857 3823 negotium
877 3741 967 3824 qure¹
989 3742 1129 3820 habebat,
1150 3764 1202 3810 eos

241 3835 258 3865 ⁸¹
277 3850 353 3912 quos
372 3829 469 3913 magis
488 3830 651 3895 familiares
671 3833 705 3896 in
725 3833 811 3899 curia
831 3835 890 3916 ipsi
911 3835 1044 3900 dominre
1064 3857 1130 3903 esse
1151 3857 1203 3904 so·

529 4051 941 4121 mursensem-aus.
