3136 4890
334 492 392 551 126
543 503 691 550 maroam
713 467 870 549 uovonmr
893 503 928 549 ru
950 502 1075 550 auersa

193 693 308 737 nuria.
331 676 364 739 si
385 698 456 758 ergo
476 677 545 756 quis
565 677 604 750 in
620 675 686 735 istis
707 675 883 735 Anselmum
904 681 1011 736 contra
1028 695 1149 756 aunum
1173 669 1291 751 aliquid

331 771 425 850 egisse
455 771 552 831 dicere
582 768 663 829 ultra
692 768 831 837 voluerit,
863 770 927 847 ipse
957 767 1078 830 viderit.
1121 767 1186 827 Nos
1218 785 1290 825 vero

329 866 382 945 qui
402 884 453 926 eor·
473 864 538 943 ejus
560 863 591 922 in
613 861 669 922 lroe
682 866 711 922 el
734 863 766 922 iu
789 861 894 922 mult-is
914 863 1097 942 agnovimus
1118 859 1290 922 testimoui-

328 979 379 1019 um
400 959 428 1018 ei
449 957 649 1036 perbibemus,
671 956 751 1033 quia,
772 957 939 1034 sicutipse
968 956 1056 1016 lateri
1086 955 1212 1023 solebat,
1234 972 1290 1013 nee

328 1050 403 1110 seira
416 1068 472 1109 nee
489 1068 573 1128 poseo
594 1046 647 1106 illo
667 1052 800 1126 tempore
821 1046 939 1118 habuit,
954 1047 1103 1127 quemodo
1124 1046 1158 1106 in
1179 1045 1236 1106 hae
1256 1064 1288 1104 re
1365 1052 1374 1066 ‘

328 1142 435 1205 melius
455 1147 511 1204 aut
530 1141 646 1222 sequius
667 1141 781 1203 faeeret
801 1161 892 1221 quam
913 1142 992 1203 feeit.

176 1246 273 1288 ³⁰⁸¹·-
370 1239 482 1298 Eedem
503 1256 583 1297 auno
604 1236 741 1295 venitin
765 1231 907 1314 Anglium
922 1236 1024 1296 Guirlo
1043 1234 1288 1317 archiepiscopus

66 1357 72 1367 ¹
174 1293 304 1433 Q&
330 1330 515 1401 Viennensis,
537 1330 665 1401 iunctus,
682 1334 717 1389 ut
730 1328 858 1399 dieebat,
880 1329 1029 1409 legatione
1050 1331 1145 1391 totitas
1167 1329 1287 1388 Britan·

176 1429 266 1472 Vm
328 1426 387 1484 nius
407 1447 445 1485 ex
461 1429 610 1502 pirmeepto
631 1429 663 1481 et
682 1423 864 1482 auctoritate
884 1423 1058 1502 apostoliae
1075 1423 1161 1484 sedis.
1198 1421 1287 1495 Qirod

329 1536 382 1597 per
400 1517 542 1597 Angliaru
563 1517 702 1577 auditum
725 1515 756 1575 in
777 1516 1009 1577 fulminationem
1030 1518 1172 1578 omnibus
1193 1516 1420 1585 venitatem

329 1609 501 1670 inauditum
521 1608 637 1669 seilicet
658 1608 690 1666 in
718 1606 880 1668 Britannia
900 1609 1001 1670 euneti
1022 1611 1159 1680 seientes,
1182 1628 1285 1685 ‹prteru-

330 1701 404 1762 libet
424 1700 581 1761 hominum
602 1719 693 1778 supter
721 1720 753 1758 ae
784 1700 864 1759 vices
892 1701 1074 1780 apostolicas
1094 1721 1205 1781 gerere,
1226 1699 1286 1759 nisi

329 1794 426 1856 solum
456 1792 711 1872 arehiepiscopum
740 1791 922 1854 cantuariae.
972 1796 1164 1875 Quapropter
1207 1792 1288 1855 sieut
1343 1829 1344 1834 κ
1409 1826 1411 1830 ·

330 1889 416 1948 veuit
436 1886 480 1948 ita
501 1906 638 1946 reversus
658 1893 714 1955 ost,
734 1905 753 1944 a
780 1886 902 1944 nemine
923 1906 977 1964 pro
998 1888 1099 1966 legato
1119 1893 1286 1965 ariseeptus,

329 2000 384 2041 nee
406 1980 438 2039 in
457 1978 560 2056 alique
581 1977 673 2055 legati
695 1975 792 2036 ollieie
813 1977 944 2037 iunctus.

174 2088 295 2180 m
370 2072 488 2150 Exinde
508 2091 576 2133 eum
597 2071 635 2131 ad
658 2076 777 2150 tempus
799 2070 998 2142 induciarum,
1020 2071 1145 2143 Pascha,
1158 2078 1286 2135 ventum
1359 2057 1366 2072 ’

173 2185 242 2225 m
328 2174 413 2238 asset,
433 2172 466 2227 et
485 2167 537 2244 qui
554 2165 680 2224 Rourom
702 2164 785 2223 missi
807 2164 929 2225 fuerant
943 2166 1046 2228 nuncii
1068 2167 1196 2228 neudum
1219 2168 1286 2228 red·
1388 2168 1391 2173 ’

327 2262 428 2331 issent,
443 2278 536 2338 usque
550 2257 589 2318 ed
603 2257 769 2318 adventum
791 2257 911 2319 illerum
934 2259 1064 2322 induciae
1085 2260 1190 2322 dilate
1204 2268 1284 2324 srmt

171 2353 312 2443 m
368 2354 404 2414 ln
432 2351 627 2432 subsequenti
658 2358 760 2412 autern
792 2352 974 2414 solennitate
1003 2354 1195 2415 Pentecostes
1231 2355 1284 2414 ad·
1330 2382 1335 2391 ³

171 2413 271 2534 28:¹2⁸
327 2454 437 2508 ventus
456 2445 575 2507 comitis
597 2443 734 2517 Robusti,
756 2443 860 2504 fratris
881 2445 968 2525 regis,
989 2446 1023 2506 in
1043 2448 1186 2527 Angliam
1209 2468 1284 2528 prae·

326 2542 377 2601 via
397 2541 478 2601 sama
498 2544 594 2601 totam
616 2538 746 2618 regalem
766 2538 880 2599 auriam
901 2541 1073 2612 commovit,
1094 2543 1284 2621 quorundam

323 2634 449 2702 animos,
479 2638 515 2691 ut
549 2631 740 2708 postmodum
771 2631 880 2714 pratuit,
911 2631 944 2688 in
974 2631 1096 2692 diversa
1124 2634 1283 2710 permovit

62 2790 66 2799 Ι
171 2738 267 2828 uma*
325 2726 390 2787 Rex
421 2725 514 2805 igitur
549 2722 709 2803 principes,
739 2728 771 2782 et
801 2722 951 2803 principes
980 2744 1080 2807 regem
1110 2735 1282 2807 suspectum

169 2796 303 2883 drusa.
324 2820 489 2891 babentes,
518 2816 569 2877 ille
598 2817 713 2878 seilicet
744 2816 818 2876 istus
846 2838 884 2877 ne
912 2838 981 2878 ase
1010 2816 1155 2891 instabili,
1176 2829 1212 2881 ut
1239 2823 1283 2892 fit,

170 2880 260 2965 “neb'‘
325 2909 383 2967 lide
405 2906 580 2976 dissilirent,
601 2912 633 2964 et
661 2905 713 2963 isti
742 2904 829 2963 illum
857 2906 1051 2967 formidando
1075 2900 1118 2968 'ne
1147 2906 1297 2989 undiquo'

214 3077 219 3088 ,
324 3020 396 3080 pace
425 2998 541 3078 potitus
562 2996 594 3056 in
615 3017 646 3058 se
667 2997 785 3076 legibus
813 2998 946 3057 efferatis
975 2999 1153 3074 desaevire&
1179 3008 1280 3063 aetum

323 3111 362 3151 ex
382 3091 519 3152 consulto
540 3094 644 3159 estut
664 3088 814 3149 eertitudo
835 3088 905 3148 talis
926 3090 997 3151 hine
1018 3092 1088 3152 inde
1105 3094 1198 3163 tieret,
1214 3115 1282 3173 qum

169 3197 269 3242 Μη-
325 3183 467 3261 utriuque
489 3181 569 3260 quod
585 3180 745 3240 verebatur
766 3180 948 3242 excluderet.
976 3182 1035 3243 Sed
1058 3184 1109 3245 ubi
1131 3185 1171 3245 orl
1192 3206 1281 3265 spou-

169 3249 438 3336 m⁸sionem
460 3273 529 3335 tidoi
551 3273 629 3354 regis
644 3279 769 3334 ventum
790 3279 844 3348 est,
861 3279 926 3337 tuta
946 3277 1030 3358 regni
1051 3279 1196 3340 nobilitas
1212 3301 1281 3343 eum

325 3368 429 3448 populi
464 3366 680 3427 numerositate
713 3367 891 3427 Anselmum
927 3369 1008 3430 inter
1048 3393 1080 3433 ao
1115 3380 1147 3433 et
1181 3395 1280 3452 regem

325 3458 457 3519 medium
499 3458 644 3528 feeeruut,
677 3458 824 3535 quatinus
863 3459 890 3519 ei
927 3460 992 3522 vieo
1026 3462 1083 3537 aui,
1119 3483 1212 3524 uranu
1248 3466 1280 3527 in
1350 3533 1353 3540 ,

324 3570 447 3613 uranum
476 3558 619 3631 petrau,
648 3550 840 3631 promitteret
866 3552 960 3632 justis
994 3562 1027 3616 et
1060 3559 1172 3619 sanetis
1207 3559 1280 3641 legi·
1329 3588 1330 3592 ¹

325 3646 381 3707 baa
402 3666 434 3707 ae
464 3649 563 3706 tetum
592 3664 718 3725 regnum
739 3646 839 3724 quoad
867 3647 987 3708 viverat
1016 3650 1050 3709 in
1078 3653 1197 3713 eunetis
1227 3655 1280 3714 ad·

208 3769 211 3775 ·
324 3735 576 3798 ministraturum.
639 3737 706 3798 Hoc
740 3738 828 3809 laeto,
863 3738 922 3799 sibi
956 3741 1085 3823 quiaque
1119 3745 1206 3824 quasi
1241 3747 1279 3810 da

323 3831 487 3895 meurimte
520 3829 731 3910 applaudebat
796 3832 960 3913 Postquam
984 3842 1098 3900 autem
1126 3839 1279 3904 eertitudo

322 3925 360 3986 de
388 3925 523 3985 adventu
552 3923 656 3983 fratria
675 3924 724 3983 aui
746 3924 809 4003 regi
831 3925 975 3998 innotuit,
996 3948 1068 3991 mox
1095 3931 1155 4003 ille,
1175 3940 1280 3996 eeaeto
1307 4000 1312 4011 ,

255 4080 258 4084 ,
321 4015 455 4086 exercitu
487 4013 583 4075 totius
605 4018 701 4083 terrm,
722 4013 780 4093 ipsi
801 4014 880 4076 bello
906 4021 1124 4083 oecurrendum
1151 4022 1280 4110 impiger
1305 4104 1308 4112 Ι
