3136 4890
272 489 331 553 102
482 498 633 550 mareau
652 480 812 551 uor'ounrr
832 498 870 547 ru
890 497 1020 548 aueum

132 683 250 736 ⁰*
270 669 969 761 ἰιι
985 668 1234 829 denar
1209 714 1274 812 .-·

319 791 372 832 um
657 789 702 840 e

271 881 362 945 quem
381 789 554 943 ιιᾞίῗιῗωιῑ
574 859 691 933 debere
711 858 841 921 Beatum
869 858 1003 937 Petrum,
1023 879 1078 923 eeu
1105 857 1231 942 quemli-
1325 856 1340 927 ,’

227 975 233 985 ·
271 956 326 1021 bot
345 954 449 1030 alium,
468 973 592 1038 quoae
618 952 745 1037 juvaret
775 952 975 1038 interpellare.
1018 953 1086 1019 Hac
1112 954 1209 1019 fide
1200 972 1235 1018 ιιι

216 1052 220 1062 “
273 1052 340 1133 ipae
359 1050 543 1132 proficiente,
558 1049 598 1111 ad
618 1048 676 1113 hoc
694 1068 814 1129 quoque
834 1049 937 1130 lupum
958 1054 1006 1111 cat
1025 1048 1134 1112 ut'Doi
1151 1047 1235 1128 judi·
1336 1072 1340 1081 ·

275 1144 323 1209 cio
342 1142 514 1208 incedulua
535 1142 628 1216 tieret
642 1141 865 1226 injustitiaeque
885 1141 963 1204 illud
983 1162 1121 1227 arguens,
1134 1140 1236 1204 Deum

193 1226 197 1233 ’
275 1244 331 1303 aut
343 1237 424 1303 iacta
436 1237 595 1302 hominum
609 1237 755 1321 ignorare,
768 1243 823 1302 aut
835 1238 990 1321 requitatis
1004 1258 1040 1302 ca
1056 1238 1143 1302 lance
1155 1236 1236 1301 nollo

274 1351 408 1414 paucam,
428 1336 585 1394 astrueret
626 1329 768 1412 Exempli
787 1350 884 1393 eausa
927 1331 1160 1414 Quinquaginta
1179 1329 1237 1392 cir·
1247 1337 1369 1396 naua

206 1457 216 1475 κ
275 1426 352 1491 citer
371 1424 441 1500 viri,
453 1424 563 1508 quibus
583 1424 685 1489 adhuc
704 1424 765 1487 illia
785 1424 892 1488 diobua
913 1445 952 1488 ex
973 1426 1101 1508 antiqua
1121 1423 1235 1508 anglo·

275 1542 344 1585 rum
364 1519 554 1603 ingenuitate
577 1521 756 1584 divitiarum
785 1521 925 1602 quiedam
946 1521 1077 1603 vestigia
1103 1521 1236 1583 arridere

276 1615 468 1687 videbantur.
484 1614 566 1696 eapti
586 1617 661 1676 aunt
680 1618 713 1676 ot
731 1613 909 1676 calumniati
930 1614 1011 1695 quod
1032 1633 1137 1678 eervoe
1157 1612 1237 1695 regia

276 1709 419 1792 ceperint
459 1709 668 1782 mactaverint,
701 1707 961 1772 manducaverint
1017 1707 1143 1793 Negant
1180 1707 1256 1771 illi-

276 1802 369 1865 Undo
398 1801 502 1864 atatim
532 1802 572 1863 ad
596 1802 748 1882 judicium
778 1803 858 1882 rapti
883 1803 1064 1883 judicantur
1093 1802 1236 1883 injectam

277 1892 459 1958 calumniam
480 1892 619 1955 examino
641 1893 731 1973 igniti
748 1892 819 1954 iorri
839 1912 859 1955 a
879 1913 912 1956 ac
932 1893 1107 1975 propulsare
1120 1895 1235 1956 debera

277 1986 403 2051 Statuto
422 1985 526 2068 itaquo
545 1986 603 2061 dic,
623 1985 739 2067 prmiixi
764 2005 862 2068 poenm
885 1986 996 2066 judicii
1023 1986 1138 2068 puriter
1164 1986 1236 2050 auo

277 2082 338 2143 aeti
361 2085 441 2151 aunt
461 2085 578 2141 remota
605 2080 720 2158 pietate
749 2085 781 2140 et
809 2080 1021 2141 misericordie
1063 2080 1139 2141 Erat
1164 2099 1238 2161 crgo

118 2240 123 2250 ⁴
276 2172 429 2235 miseriam
448 2170 560 2234 vidoro.
602 2170 716 2232 Varum
747 2169 938 2252 omnipotens
957 2171 1051 2249 Deua,
1068 2173 1120 2238 cui
1147 2174 1238 2236 mise·

140 2326 148 2335 ,
277 2267 437 2334 ricordiam
451 2268 484 2328 ct
498 2264 650 2347 judicium
671 2264 755 2328 cauit
775 2265 967 2329 Davidicua¹
986 2267 1129 2348 paalmua,
1149 2268 1238 2331 inuo-

277 2360 408 2423 centiam
441 2377 553 2431 eorum,
587 2356 717 2418 servatio
751 2357 984 2420 misericorditer
1010 2358 1051 2419 ab
1077 2360 1238 2422 exustione

277 2452 417 2517 manibus
437 2450 582 2526 emnium,
595 2450 714 2514 cunetia
734 2449 876 2525 ostendit,
889 2457 922 2515 et
941 2451 1061 2517 malitia
1080 2452 1238 2518 hominurn
1263 2445 1276 2531 ,’

127 2589 150 2628 4
277 2570 327 2612 eoa
358 2546 450 2630 impie
481 2546 635 2609 destruam
655 2546 845 2627 cupientium
876 2567 969 2627 quam
998 2547 1116 2628 injuata
1146 2549 1240 2611 fuerit

274 2641 359 2723 justo
374 2639 492 2721 judicio
512 2638 686 2700 declaravit
728 2638 830 2718 Igitur
849 2657 917 2702 curn
937 2640 1069 2721 principi
1093 2645 1173 2702 carot
1192 2660 1238 2702 ra·

277 2735 383 2808 iatum,
395 2731 610 2799 condemnatos
631 2731 699 2795 illos
719 2732 812 2795 tertio
828 2731 938 2815 judieii
959 2732 1009 2798 dio
1030 2734 1121 2797 aimul
1135 2755 1239 2799 omncs

278 2829 389 2892 iuuetis
411 2828 552 2891 manem
579 2827 764 2909 apparuisse,
783 2827 992 2891 stomachatur
1012 2829 1116 2891 taliter
1142 2829 1240 2893 fomur
1338 2895 1341 2903 ,

279 2923 473 3005 reapondiaae,
494 2921 602 2997 “Quid
626 2927 674 2984 eat
699 2920 779 2985 hooi
818 2920 902 2984 Dour
927 2926 974 2984 ost
996 2922 1100 3004 juatua
1121 2923 1241 3006 judexi
1306 2912 1315 2922 ’

280 3017 424 3082 “Pereat
446 3017 499 3100 qui
521 3016 662 3099 deinceps
683 3014 741 3080 hoc
762 3016 931 3081 crediderit
974 3017 1084 3095 Quare,
1107 3039 1162 3102 por
1182 3017 1241 3085 hoc

282 3116 299 3148 ‘⁸
318 3117 351 3174 ot
372 3112 435 3184 hoe,
458 3131 524 3174 mec
549 3110 665 3193 judicio
692 3111 801 3174 amodo
828 3111 1067 3192 respondebitur.
1090 3133 1152 3177 non
1172 3114 1240 3188 Dei,

281 3211 298 3240 ‘¹
317 3206 399 3286 quod
421 3224 477 3287 pro
500 3211 573 3267 roto
597 3203 744 3287 cujusque
767 3202 840 3268 hine
866 3205 938 3267 inda
966 3206 1121 3288 plicatur.”
1163 3206 1241 3274 Hoec

232 3289 237 3295 ⁵
281 3306 315 3363 at
337 3298 509 3380 hujusmodi
531 3299 619 3381 plura
640 3297 689 3361 hia
711 3299 867 3372 atrociora,
891 3319 961 3382 qum
984 3319 1005 3364 a
1028 3300 1156 3364 diversio
1177 3322 1240 3385 nou

281 3392 422 3474 ignobilia
445 3392 533 3454 iam
553 3391 728 3453 homiuibus
748 3391 787 3454 dc
807 3390 961 3454 Willaimo
987 3392 1042 3456 illo
1064 3400 1139 3458 tunc
1162 3401 1240 3458 tom·

242 3564 245 3569 ,
281 3484 362 3568 por-ir
399 3483 630 3567 nunciabantur,
663 3502 780 3568 magno,
815 3488 852 3547 ut
884 3484 1028 3561 diximus,
1061 3485 1240 3553 Anaclmum

280 3576 483 3641 accendebant
501 3577 690 3657 pontificatui
710 3576 831 3659 Anglim
850 3578 1075 3654 abrenunciare,
1094 3581 1240 3645 &autom
1310 3656 1312 3661 Ι

281 3668 422 3732 videlicet
434 3686 530 3730 morae
550 3685 619 3730 mea
639 3668 772 3733 moribus
793 3667 889 3759 ipaiua
908 3669 995 3734 nulla
1014 3689 1101 3754 pocae
1121 3671 1240 3737 rationo

137 3772 145 3782 ·
280 3761 412 3846 amplius
429 3761 617 3826 concordam

311 4059 644 4126 mammaeae.
753 4061 760 4125 ι
802 4059 1171 4127 mammaea-rua
