<?xml version="1.0" encoding="UTF-8"?>
<!DOCTYPE html PUBLIC "-//W3C//DTD XHTML 1.0 Transitional//EN"
    "http://www.w3.org/TR/xhtml1/DTD/xhtml1-transitional.dtd">
<html xmlns="http://www.w3.org/1999/xhtml" xml:lang="en" lang="en">
 <head>
  <title>
</title>
<meta http-equiv="Content-Type" content="text/html;charset=utf-8" />
  <meta name='ocr-system' content='tesseract 3.04.00' />
  <meta name='ocr-capabilities' content='ocr_page ocr_carea ocr_par ocr_line ocrx_word'/>
</head>
<body>
  <div class='ocr_page' id='page_1' title='image "./eadmerihistoria00eadmgoog_0364.png"; bbox 0 0 3136 4890; ppageno 0'>
   <div class='ocr_carea' id='block_1_1' title="bbox 4 574 1234 3537">
    <p class='ocr_par' dir='ltr' id='par_1_1' title="bbox 4 574 1234 936">
     <span class='ocr_line' id='line_1_1' title="bbox 4 574 753 634; baseline -0.004 -1"><span class='ocrx_word' id='word_1_1' title='bbox 4 574 63 634; x_wconf 79' lang='lat'><strong>228</strong></span> <span class='ocrx_word' id='word_1_2' title='bbox 223 586 370 634; x_wconf 75' lang='lat' dir='ltr'><strong>niernum</strong></span> <span class='ocrx_word' id='word_1_3' title='bbox 392 586 548 634; x_wconf 83' lang='lat' dir='ltr'><strong>uovonun</strong></span> <span class='ocrx_word' id='word_1_4' title='bbox 571 584 604 631; x_wconf 80' lang='lat' dir='ltr'><strong>ru</strong></span> <span class='ocrx_word' id='word_1_5' title='bbox 626 583 753 633; x_wconf 78' lang='lat' dir='ltr'><strong>aunan.</strong></span> 
     </span>
     <span class='ocr_line' id='line_1_2' title="bbox 6 735 1234 841; baseline -0.003 -20"><span class='ocrx_word' id='word_1_6' title='bbox 6 760 49 821; x_wconf 91' lang='lat' dir='ltr'><strong>eia</strong></span> <span class='ocrx_word' id='word_1_7' title='bbox 77 760 156 823; x_wconf 85' lang='lat' dir='ltr'><strong>aieut</strong></span> <span class='ocrx_word' id='word_1_8' title='bbox 186 758 304 841; x_wconf 76' lang='lat' dir='ltr'><strong>ignotis.</strong></span> <span class='ocrx_word' id='word_1_9' title='bbox 347 756 551 822; x_wconf 85' lang='lat' dir='ltr'><strong>Fluetuabant</strong></span> <span class='ocrx_word' id='word_1_10' title='bbox 580 779 659 840; x_wconf 78' lang='lat' dir='ltr'><strong>ergo,</strong></span> <span class='ocrx_word' id='word_1_11' title='bbox 689 777 744 821; x_wconf 90' lang='lat' dir='ltr'><strong>nee</strong></span> <span class='ocrx_word' id='word_1_12' title='bbox 765 778 826 839; x_wconf 89' lang='lat' dir='ltr'><strong>quo</strong></span> <span class='ocrx_word' id='word_1_13' title='bbox 847 777 879 818; x_wconf 85' lang='lat' dir='ltr'><strong>ae</strong></span> <span class='ocrx_word' id='word_1_14' title='bbox 901 760 988 818; x_wconf 76' lang='lat' dir='ltr'><strong>tuta</strong></span> <span class='ocrx_word' id='word_1_15' title='bbox 1130 738 1134 747; x_wconf 54' lang='grc'><em>’</em></span> <span class='ocrx_word' id='word_1_16' title='bbox 1228 735 1234 768; x_wconf 70' lang='lat'>¹</span> 
     </span>
     <span class='ocr_line' id='line_1_3' title="bbox 7 854 387 936; baseline 0.003 -21"><span class='ocrx_word' id='word_1_17' title='bbox 7 861 161 916; x_wconf 86' lang='lat' dir='ltr'><strong>verterent</strong></span> <span class='ocrx_word' id='word_1_18' title='bbox 180 854 387 936; x_wconf 72' lang='lat' dir='ltr'>advertebant.</span> 
     </span>
    </p>

    <p class='ocr_par' dir='ltr' id='par_1_2' title="bbox 7 946 1107 3537">
     <span class='ocr_line' id='line_1_4' title="bbox 49 946 969 1028; baseline -0.003 -19"><span class='ocrx_word' id='word_1_19' title='bbox 49 947 122 1009; x_wconf 78' lang='lat' dir='ltr'><strong>Erat</strong></span> <span class='ocrx_word' id='word_1_20' title='bbox 151 947 211 1008; x_wconf 83' lang='lat' dir='ltr'><strong>iilis</strong></span> <span class='ocrx_word' id='word_1_21' title='bbox 245 948 351 1009; x_wconf 71' lang='lat' dir='ltr'><strong>«liebus</strong></span> <span class='ocrx_word' id='word_1_22' title='bbox 384 949 486 1010; x_wconf 79' lang='lat' dir='ltr'><strong>Itomm</strong></span> <span class='ocrx_word' id='word_1_23' title='bbox 522 948 691 1020; x_wconf 75' lang='lat' dir='ltr'><strong>Anselmua,</strong></span> <span class='ocrx_word' id='word_1_24' title='bbox 726 966 820 1028; x_wconf 78' lang='lat' dir='ltr'><strong>nepos</strong></span> <span class='ocrx_word' id='word_1_25' title='bbox 854 946 969 1009; x_wconf 83' lang='lat' dir='ltr'><strong>‹lornini</strong></span> 
     </span>
     <span class='ocr_line' id='line_1_5' title="bbox 7 1039 1107 1122; baseline -0.003 -18"><span class='ocrx_word' id='word_1_26' title='bbox 7 1041 221 1122; x_wconf 77' lang='lat' dir='ltr'><strong>areliiepiaeopi</strong></span> <span class='ocrx_word' id='word_1_27' title='bbox 242 1040 398 1113; x_wconf 81' lang='lat' dir='ltr'><strong>Anaelmi‚¹</strong></span> <span class='ocrx_word' id='word_1_28' title='bbox 427 1043 549 1103; x_wconf 88' lang='lat' dir='ltr'><strong>domino</strong></span> <span class='ocrx_word' id='word_1_29' title='bbox 577 1063 663 1122; x_wconf 77' lang='lat' dir='ltr'><strong>papiu</strong></span> <span class='ocrx_word' id='word_1_30' title='bbox 692 1041 858 1114; x_wconf 81' lang='lat' dir='ltr'><strong>familiaris,</strong></span> <span class='ocrx_word' id='word_1_31' title='bbox 879 1045 911 1102; x_wconf 93' lang='lat' dir='ltr'><strong>et</strong></span> <span class='ocrx_word' id='word_1_32' title='bbox 931 1039 971 1102; x_wconf 89' lang='lat' dir='ltr'><strong>ab</strong></span> <span class='ocrx_word' id='word_1_33' title='bbox 982 1049 1107 1101; x_wconf 68' lang='lat' dir='ltr'><strong>mm</strong></span> 
     </span>
     <span class='ocr_line' id='line_1_6' title="bbox 8 1133 971 1209; baseline -0.003 -12"><span class='ocrx_word' id='word_1_34' title='bbox 8 1157 42 1199; x_wconf 89' lang='lat' dir='ltr'><strong>eo</strong></span> <span class='ocrx_word' id='word_1_35' title='bbox 71 1135 165 1197; x_wconf 77' lang='lat' dir='ltr'><strong>abbas</strong></span> <span class='ocrx_word' id='word_1_36' title='bbox 195 1135 299 1198; x_wconf 85' lang='lat' dir='ltr'><strong>Sancti</strong></span> <span class='ocrx_word' id='word_1_37' title='bbox 332 1135 419 1197; x_wconf 74' lang='lat' dir='ltr'><strong>Satuu</strong></span> <span class='ocrx_word' id='word_1_38' title='bbox 449 1135 638 1198; x_wconf 67' lang='lat' dir='ltr'><strong>‹lomessoris</strong></span> <span class='ocrx_word' id='word_1_39' title='bbox 669 1135 800 1197; x_wconf 70' lang='lat' dir='ltr'><strong>effecturi</strong></span> <span class='ocrx_word' id='word_1_40' title='bbox 847 1133 908 1209; x_wconf 87' lang='lat' dir='ltr'><strong>Qui</strong></span> <span class='ocrx_word' id='word_1_41' title='bbox 939 1133 971 1194; x_wconf 91' lang='lat' dir='ltr'><strong>in</strong></span> 
     </span>
     <span class='ocr_line' id='line_1_7' title="bbox 8 1229 972 1311; baseline 0 -21"><span class='ocrx_word' id='word_1_42' title='bbox 8 1231 115 1292; x_wconf 76' lang='lat' dir='ltr'><strong>diebus</strong></span> <span class='ocrx_word' id='word_1_43' title='bbox 143 1229 225 1292; x_wconf 83' lang='lat' dir='ltr'><strong>beuti</strong></span> <span class='ocrx_word' id='word_1_44' title='bbox 253 1229 397 1293; x_wconf 85' lang='lat' dir='ltr'><strong>avunculi</strong></span> <span class='ocrx_word' id='word_1_45' title='bbox 418 1230 465 1290; x_wconf 80' lang='lat' dir='ltr'><strong>uui</strong></span> <span class='ocrx_word' id='word_1_46' title='bbox 496 1231 627 1311; x_wconf 84' lang='lat' dir='ltr'><strong>plurimo</strong></span> <span class='ocrx_word' id='word_1_47' title='bbox 648 1236 784 1311; x_wconf 84' lang='lat' dir='ltr'><strong>tempore</strong></span> <span class='ocrx_word' id='word_1_48' title='bbox 805 1230 838 1290; x_wconf 91' lang='lat' dir='ltr'><strong>in</strong></span> <span class='ocrx_word' id='word_1_49' title='bbox 858 1229 972 1310; x_wconf 82' lang='lat' dir='ltr'><strong>Anglia</strong></span> 
     </span>
     <span class='ocr_line' id='line_1_8' title="bbox 9 1323 972 1406; baseline -0.003 -20"><span class='ocrx_word' id='word_1_50' title='bbox 9 1325 128 1404; x_wconf 66' lang='lat' dir='ltr'><strong>degens,</strong></span> <span class='ocrx_word' id='word_1_51' title='bbox 142 1343 197 1405; x_wconf 82' lang='lat' dir='ltr'><strong>pro</strong></span> <span class='ocrx_word' id='word_1_52' title='bbox 220 1324 451 1385; x_wconf 84' lang='lat' dir='ltr'><strong>manuretudine</strong></span> <span class='ocrx_word' id='word_1_53' title='bbox 473 1344 528 1386; x_wconf 84' lang='lat' dir='ltr'><strong>aua</strong></span> <span class='ocrx_word' id='word_1_54' title='bbox 549 1325 589 1386; x_wconf 89' lang='lat' dir='ltr'><strong>ab</strong></span> <span class='ocrx_word' id='word_1_55' title='bbox 609 1324 761 1406; x_wconf 78' lang='lat' dir='ltr'><strong>indigenis</strong></span> <span class='ocrx_word' id='word_1_56' title='bbox 781 1330 870 1385; x_wconf 77' lang='lat' dir='ltr'><strong>terrra</strong></span> <span class='ocrx_word' id='word_1_57' title='bbox 884 1323 972 1403; x_wconf 67' lang='lat' dir='ltr'><strong>quasi</strong></span> 
     </span>
     <span class='ocr_line' id='line_1_9' title="bbox 11 1417 1050 1501; baseline -0.001 -22"><span class='ocrx_word' id='word_1_58' title='bbox 11 1438 89 1480; x_wconf 79' lang='lat' dir='ltr'><strong>unus</strong></span> <span class='ocrx_word' id='word_1_59' title='bbox 109 1438 211 1479; x_wconf 88' lang='lat' dir='ltr'><strong>eorum</strong></span> <span class='ocrx_word' id='word_1_60' title='bbox 239 1417 429 1499; x_wconf 68' lang='lat' dir='ltr'><strong>diligebatur.</strong></span> <span class='ocrx_word' id='word_1_61' title='bbox 471 1419 539 1492; x_wconf 89' lang='lat' dir='ltr'><strong>Hie,</strong></span> <span class='ocrx_word' id='word_1_62' title='bbox 558 1419 664 1481; x_wconf 78' lang='lat' dir='ltr'><strong>audita</strong></span> <span class='ocrx_word' id='word_1_63' title='bbox 685 1419 826 1501; x_wconf 78' lang='lat' dir='ltr'><strong>pnesatea</strong></span> <span class='ocrx_word' id='word_1_64' title='bbox 846 1417 973 1479; x_wconf 85' lang='lat' dir='ltr'><strong>nuneioa</strong></span> <span class='ocrx_word' id='word_1_65' title='bbox 1047 1435 1050 1443; x_wconf 90' lang='lat'><em>·</em></span> 
     </span>
     <span class='ocr_line' id='line_1_10' title="bbox 12 1511 1036 1586; baseline -0.003 -12"><span class='ocrx_word' id='word_1_66' title='bbox 12 1513 178 1583; x_wconf 77' lang='lat' dir='ltr'><strong>advenisse,</strong></span> <span class='ocrx_word' id='word_1_67' title='bbox 206 1512 304 1574; x_wconf 87' lang='lat' dir='ltr'><strong>alaeer</strong></span> <span class='ocrx_word' id='word_1_68' title='bbox 323 1512 362 1573; x_wconf 82' lang='lat' dir='ltr'><strong>ad</strong></span> <span class='ocrx_word' id='word_1_69' title='bbox 383 1533 433 1574; x_wconf 87' lang='lat' dir='ltr'><strong>eos</strong></span> <span class='ocrx_word' id='word_1_70' title='bbox 455 1512 612 1574; x_wconf 80' lang='lat' dir='ltr'><strong>Laterania</strong></span> <span class='ocrx_word' id='word_1_71' title='bbox 633 1515 727 1586; x_wconf 75' lang='lat' dir='ltr'><strong>venit</strong></span> <span class='ocrx_word' id='word_1_72' title='bbox 748 1513 834 1575; x_wconf 91' lang='lat' dir='ltr'><strong>etin</strong></span> <span class='ocrx_word' id='word_1_73' title='bbox 855 1512 972 1574; x_wconf 80' lang='lat' dir='ltr'><strong>eunetis</strong></span> <span class='ocrx_word' id='word_1_74' title='bbox 1034 1511 1036 1513; x_wconf 67' lang='grc'><strong><em>’</em></strong></span> 
     </span>
     <span class='ocr_line' id='line_1_11' title="bbox 12 1603 972 1687; baseline 0.001 -23"><span class='ocrx_word' id='word_1_75' title='bbox 12 1627 80 1687; x_wconf 78' lang='lat' dir='ltr'><strong>qum</strong></span> <span class='ocrx_word' id='word_1_76' title='bbox 101 1605 214 1686; x_wconf 74' lang='lat' dir='ltr'><strong>negotii</strong></span> <span class='ocrx_word' id='word_1_77' title='bbox 242 1604 288 1665; x_wconf 82' lang='lat' dir='ltr'><strong>aui</strong></span> <span class='ocrx_word' id='word_1_78' title='bbox 318 1611 404 1666; x_wconf 81' lang='lat' dir='ltr'><strong>tener</strong></span> <span class='ocrx_word' id='word_1_79' title='bbox 432 1606 573 1684; x_wconf 78' lang='lat' dir='ltr'><strong>exigebat</strong></span> <span class='ocrx_word' id='word_1_80' title='bbox 599 1627 671 1686; x_wconf 77' lang='lat' dir='ltr'><strong>erga</strong></span> <span class='ocrx_word' id='word_1_81' title='bbox 698 1626 749 1668; x_wconf 83' lang='lat' dir='ltr'><strong>eos</strong></span> <span class='ocrx_word' id='word_1_82' title='bbox 774 1626 886 1669; x_wconf 88' lang='lat' dir='ltr'><strong>rnorem</strong></span> <span class='ocrx_word' id='word_1_83' title='bbox 908 1603 972 1666; x_wconf 85' lang='lat' dir='ltr'><strong>veri</strong></span> 
     </span>
     <span class='ocr_line' id='line_1_12' title="bbox 11 1698 972 1779; baseline -0.003 -18"><span class='ocrx_word' id='word_1_84' title='bbox 11 1701 99 1762; x_wconf 79' lang='lat' dir='ltr'><strong>aniiei</strong></span> <span class='ocrx_word' id='word_1_85' title='bbox 121 1719 248 1779; x_wconf 80' lang='lat' dir='ltr'><strong>sequena</strong></span> <span class='ocrx_word' id='word_1_86' title='bbox 262 1699 404 1760; x_wconf 80' lang='lat' dir='ltr'><strong>exercuit</strong></span> <span class='ocrx_word' id='word_1_87' title='bbox 447 1700 528 1774; x_wconf 84' lang='lat' dir='ltr'><strong>Quid</strong></span> <span class='ocrx_word' id='word_1_88' title='bbox 550 1699 659 1779; x_wconf 83' lang='lat' dir='ltr'><strong>plurat</strong></span> <span class='ocrx_word' id='word_1_89' title='bbox 680 1700 851 1761; x_wconf 86' lang='lat' dir='ltr'><strong>Romanum</strong></span> <span class='ocrx_word' id='word_1_90' title='bbox 872 1698 972 1778; x_wconf 83' lang='lat' dir='ltr'><strong>ponti·</strong></span> 
     </span>
     <span class='ocr_line' id='line_1_13' title="bbox 12 1791 973 1872; baseline 0 -20"><span class='ocrx_word' id='word_1_91' title='bbox 12 1794 96 1855; x_wconf 83' lang='lat' dir='ltr'><strong>tieem</strong></span> <span class='ocrx_word' id='word_1_92' title='bbox 117 1798 148 1854; x_wconf 90' lang='lat' dir='ltr'><strong>et</strong></span> <span class='ocrx_word' id='word_1_93' title='bbox 169 1812 296 1872; x_wconf 87' lang='lat' dir='ltr'><strong>quorum</strong></span> <span class='ocrx_word' id='word_1_94' title='bbox 328 1792 453 1854; x_wconf 81' lang='lat' dir='ltr'><strong>consitio</strong></span> <span class='ocrx_word' id='word_1_95' title='bbox 484 1793 647 1866; x_wconf 75' lang='lat' dir='ltr'><strong>nitebatur,</strong></span> <span class='ocrx_word' id='word_1_96' title='bbox 677 1792 897 1854; x_wconf 80' lang='lat' dir='ltr'><strong>communicata</strong></span> <span class='ocrx_word' id='word_1_97' title='bbox 927 1791 973 1852; x_wconf 88' lang='lat' dir='ltr'><strong>in·</strong></span> 
     </span>
     <span class='ocr_line' id='line_1_14' title="bbox 11 1883 1035 1965; baseline -0.001 -21"><span class='ocrx_word' id='word_1_98' title='bbox 11 1887 133 1957; x_wconf 74' lang='lat' dir='ltr'><strong>stantia,</strong></span> <span class='ocrx_word' id='word_1_99' title='bbox 164 1886 209 1944; x_wconf 92' lang='lat' dir='ltr'><strong>ita</strong></span> <span class='ocrx_word' id='word_1_100' title='bbox 239 1905 336 1946; x_wconf 78' lang='lat' dir='ltr'><strong>cauum</strong></span> <span class='ocrx_word' id='word_1_101' title='bbox 366 1885 485 1946; x_wconf 83' lang='lat' dir='ltr'><strong>illorum</strong></span> <span class='ocrx_word' id='word_1_102' title='bbox 517 1885 651 1945; x_wconf 74' lang='lat' dir='ltr'><strong>fautoreu</strong></span> <span class='ocrx_word' id='word_1_103' title='bbox 680 1886 787 1955; x_wconf 84' lang='lat' dir='ltr'><strong>eti&#39;eeit,</strong></span> <span class='ocrx_word' id='word_1_104' title='bbox 813 1892 848 1944; x_wconf 92' lang='lat' dir='ltr'><strong>ut</strong></span> <span class='ocrx_word' id='word_1_105' title='bbox 877 1885 972 1965; x_wconf 78' lang='lat' dir='ltr'><strong>gratia</strong></span> <span class='ocrx_word' id='word_1_106' title='bbox 1032 1883 1035 1888; x_wconf 80' lang='grc'>’</span> 
     </span>
     <span class='ocr_line' id='line_1_15' title="bbox 11 1977 973 2055; baseline -0.004 -17"><span class='ocrx_word' id='word_1_107' title='bbox 11 1979 134 2039; x_wconf 86' lang='lat' dir='ltr'><strong>omnino</strong></span> <span class='ocrx_word' id='word_1_108' title='bbox 156 1977 219 2037; x_wconf 88' lang='lat' dir='ltr'><strong>voti</strong></span> <span class='ocrx_word' id='word_1_109' title='bbox 240 1978 287 2035; x_wconf 81' lang='lat' dir='ltr'><strong>sui</strong></span> <span class='ocrx_word' id='word_1_110' title='bbox 308 1982 460 2054; x_wconf 83' lang='lat' dir='ltr'><strong>compotes</strong></span> <span class='ocrx_word' id='word_1_111' title='bbox 482 1979 597 2049; x_wconf 87' lang='lat' dir='ltr'><strong>tierent,</strong></span> <span class='ocrx_word' id='word_1_112' title='bbox 612 1984 644 2036; x_wconf 89' lang='lat' dir='ltr'><strong>et</strong></span> <span class='ocrx_word' id='word_1_113' title='bbox 666 1977 763 2055; x_wconf 80' lang='lat' dir='ltr'><strong>ipsum</strong></span> <span class='ocrx_word' id='word_1_114' title='bbox 786 1978 973 2045; x_wconf 78' lang='lat' dir='ltr'><strong>Anaeimrun,</strong></span> 
     </span>
     <span class='ocr_line' id='line_1_16' title="bbox 12 2067 973 2148; baseline 0.001 -21"><span class='ocrx_word' id='word_1_115' title='bbox 12 2071 63 2148; x_wconf 82' lang='lat' dir='ltr'><strong>qui</strong></span> <span class='ocrx_word' id='word_1_116' title='bbox 95 2067 221 2148; x_wconf 87' lang='lat' dir='ltr'><strong>pallium</strong></span> <span class='ocrx_word' id='word_1_117' title='bbox 242 2087 297 2148; x_wconf 83' lang='lat' dir='ltr'><strong>pro</strong></span> <span class='ocrx_word' id='word_1_118' title='bbox 317 2086 378 2147; x_wconf 91' lang='lat' dir='ltr'><strong>quo</strong></span> <span class='ocrx_word' id='word_1_119' title='bbox 409 2067 531 2127; x_wconf 89' lang='lat' dir='ltr'><strong>iverant</strong></span> <span class='ocrx_word' id='word_1_120' title='bbox 551 2089 589 2128; x_wconf 85' lang='lat' dir='ltr'><strong>ex</strong></span> <span class='ocrx_word' id='word_1_121' title='bbox 611 2075 698 2148; x_wconf 85' lang='lat' dir='ltr'><strong>parte</strong></span> <span class='ocrx_word' id='word_1_122' title='bbox 719 2069 807 2130; x_wconf 89' lang='lat' dir='ltr'><strong>Beati</strong></span> <span class='ocrx_word' id='word_1_123' title='bbox 837 2067 920 2131; x_wconf 87' lang='lat' dir='ltr'><strong>Petri</strong></span> <span class='ocrx_word' id='word_1_124' title='bbox 940 2074 973 2129; x_wconf 88' lang='lat' dir='ltr'><strong>et</strong></span> 
     </span>
     <span class='ocr_line' id='line_1_17' title="bbox 10 2159 973 2241; baseline -0.001 -19"><span class='ocrx_word' id='word_1_125' title='bbox 10 2161 125 2222; x_wconf 85' lang='lat' dir='ltr'><strong>domini</strong></span> <span class='ocrx_word' id='word_1_126' title='bbox 138 2179 224 2241; x_wconf 70' lang='lat' dir='ltr'><strong>papae</strong></span> <span class='ocrx_word' id='word_1_127' title='bbox 239 2159 435 2222; x_wconf 80' lang='lat' dir='ltr'><strong>Cantuariaur</strong></span> <span class='ocrx_word' id='word_1_128' title='bbox 457 2161 593 2233; x_wconf 80' lang='lat' dir='ltr'><strong>detenet,</strong></span> <span class='ocrx_word' id='word_1_129' title='bbox 608 2161 747 2224; x_wconf 84' lang='lat' dir='ltr'><strong>tradente</strong></span> <span class='ocrx_word' id='word_1_130' title='bbox 768 2161 854 2224; x_wconf 90' lang='lat' dir='ltr'><strong>illum</strong></span> <span class='ocrx_word' id='word_1_131' title='bbox 868 2162 973 2224; x_wconf 89' lang='lat' dir='ltr'><strong>eodem</strong></span> 
     </span>
     <span class='ocr_line' id='line_1_18' title="bbox 10 2254 973 2338; baseline 0.004 -25"><span class='ocrx_word' id='word_1_132' title='bbox 10 2274 127 2315; x_wconf 78' lang='lat' dir='ltr'><strong>nummo</strong></span> <span class='ocrx_word' id='word_1_133' title='bbox 155 2254 295 2335; x_wconf 85' lang='lat' dir='ltr'><strong>pontitiee</strong></span> <span class='ocrx_word' id='word_1_134' title='bbox 323 2275 376 2334; x_wconf 80' lang='lat' dir='ltr'><strong>per·</strong></span> <span class='ocrx_word' id='word_1_135' title='bbox 404 2274 526 2315; x_wconf 84' lang='lat' dir='ltr'><strong>manum</strong></span> <span class='ocrx_word' id='word_1_136' title='bbox 547 2257 725 2337; x_wconf 79' lang='lat' dir='ltr'><strong>acciperent</strong></span> <span class='ocrx_word' id='word_1_137' title='bbox 767 2257 886 2332; x_wconf 77' lang='lat' dir='ltr'><strong>Quibus</strong></span> <span class='ocrx_word' id='word_1_138' title='bbox 907 2277 973 2338; x_wconf 84' lang='lat' dir='ltr'><strong>per·</strong></span> 
     </span>
     <span class='ocr_line' id='line_1_19' title="bbox 10 2348 974 2432; baseline 0.002 -21"><span class='ocrx_word' id='word_1_139' title='bbox 10 2350 93 2419; x_wconf 84' lang='lat' dir='ltr'><strong>aetia,</strong></span> <span class='ocrx_word' id='word_1_140' title='bbox 114 2348 218 2410; x_wconf 88' lang='lat' dir='ltr'><strong>nuncii</strong></span> <span class='ocrx_word' id='word_1_141' title='bbox 240 2348 337 2409; x_wconf 83' lang='lat' dir='ltr'><strong>Roma</strong></span> <span class='ocrx_word' id='word_1_142' title='bbox 364 2349 585 2428; x_wconf 77' lang='lat' dir='ltr'><strong>regrediuntur,</strong></span> <span class='ocrx_word' id='word_1_143' title='bbox 606 2351 751 2412; x_wconf 74' lang='lat' dir='ltr'><strong>Auaelme</strong></span> <span class='ocrx_word' id='word_1_144' title='bbox 771 2371 826 2432; x_wconf 86' lang='lat' dir='ltr'><strong>pro</strong></span> <span class='ocrx_word' id='word_1_145' title='bbox 846 2352 885 2413; x_wconf 85' lang='lat' dir='ltr'><strong>iia</strong></span> <span class='ocrx_word' id='word_1_146' title='bbox 905 2373 974 2432; x_wconf 83' lang='lat' dir='ltr'><strong>qum</strong></span> 
     </span>
     <span class='ocr_line' id='line_1_20' title="bbox 12 2443 974 2528; baseline 0.006 -25"><span class='ocrx_word' id='word_1_147' title='bbox 12 2464 66 2505; x_wconf 85' lang='lat' dir='ltr'><strong>aua</strong></span> <span class='ocrx_word' id='word_1_148' title='bbox 94 2443 262 2504; x_wconf 68' lang='lat' dir='ltr'><strong>intererant</strong></span> <span class='ocrx_word' id='word_1_149' title='bbox 281 2462 350 2506; x_wconf 90' lang='lat' dir='ltr'><strong>eum</strong></span> <span class='ocrx_word' id='word_1_150' title='bbox 379 2462 458 2524; x_wconf 83' lang='lat' dir='ltr'><strong>papa</strong></span> <span class='ocrx_word' id='word_1_151' title='bbox 485 2444 598 2506; x_wconf 85' lang='lat' dir='ltr'><strong>relicto.</strong></span> <span class='ocrx_word' id='word_1_152' title='bbox 641 2444 805 2508; x_wconf 75' lang='lat' dir='ltr'><strong>Venientes</strong></span> <span class='ocrx_word' id='word_1_153' title='bbox 826 2446 921 2528; x_wconf 80' lang='lat' dir='ltr'><strong>igitur</strong></span> <span class='ocrx_word' id='word_1_154' title='bbox 941 2447 974 2508; x_wconf 93' lang='lat' dir='ltr'><strong>in</strong></span> 
     </span>
     <span class='ocr_line' id='line_1_21' title="bbox 13 2537 974 2619; baseline 0.004 -19"><span class='ocrx_word' id='word_1_155' title='bbox 13 2537 201 2600; x_wconf 82' lang='lat' dir='ltr'><strong>Nennannin</strong></span> <span class='ocrx_word' id='word_1_156' title='bbox 229 2537 267 2598; x_wconf 83' lang='lat' dir='ltr'><strong>ad</strong></span> <span class='ocrx_word' id='word_1_157' title='bbox 297 2557 405 2617; x_wconf 77' lang='lat' dir='ltr'><strong>regem,</strong></span> <span class='ocrx_word' id='word_1_158' title='bbox 426 2538 500 2617; x_wconf 85' lang='lat' dir='ltr'><strong>qnid</strong></span> <span class='ocrx_word' id='word_1_159' title='bbox 522 2539 640 2619; x_wconf 82' lang='lat' dir='ltr'><strong>egerint</strong></span> <span class='ocrx_word' id='word_1_160' title='bbox 660 2539 838 2613; x_wconf 61' lang='lat' dir='ltr'><strong>edisserunt,</strong></span> <span class='ocrx_word' id='word_1_161' title='bbox 859 2547 892 2604; x_wconf 90' lang='lat' dir='ltr'><strong>et</strong></span> <span class='ocrx_word' id='word_1_162' title='bbox 911 2562 974 2604; x_wconf 82' lang='lat' dir='ltr'><strong>aum</strong></span> 
     </span>
     <span class='ocr_line' id='line_1_22' title="bbox 11 2631 975 2713; baseline 0.004 -20"><span class='ocrx_word' id='word_1_163' title='bbox 11 2631 170 2694; x_wconf 70' lang='lat' dir='ltr'><strong>industriru</strong></span> <span class='ocrx_word' id='word_1_164' title='bbox 191 2632 314 2692; x_wconf 66' lang='lat' dir='ltr'><strong>meritae</strong></span> <span class='ocrx_word' id='word_1_165' title='bbox 335 2631 439 2691; x_wconf 80' lang='lat' dir='ltr'><strong>laudes</strong></span> <span class='ocrx_word' id='word_1_166' title='bbox 460 2632 623 2713; x_wconf 84' lang='lat' dir='ltr'><strong>exeipiunt.</strong></span> <span class='ocrx_word' id='word_1_167' title='bbox 667 2634 742 2695; x_wconf 87' lang='lat' dir='ltr'><strong>Inde</strong></span> <span class='ocrx_word' id='word_1_168' title='bbox 763 2635 877 2697; x_wconf 88' lang='lat' dir='ltr'><strong>directo</strong></span> <span class='ocrx_word' id='word_1_169' title='bbox 898 2656 975 2697; x_wconf 90' lang='lat' dir='ltr'><strong>nun·</strong></span> 
     </span>
     <span class='ocr_line' id='line_1_23' title="bbox 11 2725 1046 2811; baseline -0.002 -21"><span class='ocrx_word' id='word_1_170' title='bbox 11 2729 58 2790; x_wconf 85' lang='lat' dir='ltr'><strong>eio</strong></span> <span class='ocrx_word' id='word_1_171' title='bbox 86 2728 119 2789; x_wconf 86' lang='lat' dir='ltr'><strong>in</strong></span> <span class='ocrx_word' id='word_1_172' title='bbox 140 2726 291 2808; x_wconf 74' lang='lat' dir='ltr'><strong>Angliam,</strong></span> <span class='ocrx_word' id='word_1_173' title='bbox 313 2727 365 2806; x_wconf 91' lang='lat' dir='ltr'><strong>qui</strong></span> <span class='ocrx_word' id='word_1_174' title='bbox 394 2725 616 2808; x_wconf 74' lang='lat' dir='ltr'><strong>archiepiscope</strong></span> <span class='ocrx_word' id='word_1_175' title='bbox 643 2736 730 2808; x_wconf 70' lang='lat' dir='ltr'><strong>gesta</strong></span> <span class='ocrx_word' id='word_1_176' title='bbox 757 2729 887 2803; x_wconf 81' lang='lat' dir='ltr'><strong>resumet,</strong></span> <span class='ocrx_word' id='word_1_177' title='bbox 916 2731 974 2811; x_wconf 64' lang='lat' dir='ltr'><strong>inei</strong></span> <span class='ocrx_word' id='word_1_178' title='bbox 1044 2786 1046 2788; x_wconf 82' lang='grc'><strong>,</strong></span> 
     </span>
     <span class='ocr_line' id='line_1_24' title="bbox 11 2817 1053 2904; baseline 0.002 -20"><span class='ocrx_word' id='word_1_179' title='bbox 11 2823 178 2885; x_wconf 79' lang='lat' dir='ltr'><strong>adveutum</strong></span> <span class='ocrx_word' id='word_1_180' title='bbox 220 2821 339 2902; x_wconf 72' lang='lat' dir='ltr'><strong>praefati</strong></span> <span class='ocrx_word' id='word_1_181' title='bbox 377 2820 512 2882; x_wconf 80' lang='lat' dir='ltr'><strong>Anselmi</strong></span> <span class='ocrx_word' id='word_1_182' title='bbox 544 2829 627 2884; x_wconf 78' lang='lat' dir='ltr'><strong>trans</strong></span> <span class='ocrx_word' id='word_1_183' title='bbox 651 2843 733 2894; x_wconf 82' lang='lat' dir='ltr'><strong>mare</strong></span> <span class='ocrx_word' id='word_1_184' title='bbox 754 2826 974 2904; x_wconf 71' lang='lat' dir='ltr'><strong>praestolantur.</strong></span> <span class='ocrx_word' id='word_1_185' title='bbox 1051 2817 1053 2820; x_wconf 39' lang='lat'>¹</span> 
     </span>
     <span class='ocr_line' id='line_1_25' title="bbox 13 2915 975 2998; baseline 0.003 -23"><span class='ocrx_word' id='word_1_186' title='bbox 13 2916 74 2990; x_wconf 84' lang='lat' dir='ltr'><strong>Qui</strong></span> <span class='ocrx_word' id='word_1_187' title='bbox 105 2915 270 2976; x_wconf 82' lang='lat' dir='ltr'><strong>adveniens</strong></span> <span class='ocrx_word' id='word_1_188' title='bbox 291 2932 310 2974; x_wconf 92' lang='lat' dir='ltr'><strong>a</strong></span> <span class='ocrx_word' id='word_1_189' title='bbox 330 2934 400 2992; x_wconf 84' lang='lat' dir='ltr'><strong>rege</strong></span> <span class='ocrx_word' id='word_1_190' title='bbox 429 2935 497 2975; x_wconf 91' lang='lat' dir='ltr'><strong>eum</strong></span> <span class='ocrx_word' id='word_1_191' title='bbox 527 2915 640 2977; x_wconf 84' lang='lat' dir='ltr'><strong>honore</strong></span> <span class='ocrx_word' id='word_1_192' title='bbox 669 2918 840 2996; x_wconf 80' lang='lat' dir='ltr'><strong>suscipitur,</strong></span> <span class='ocrx_word' id='word_1_193' title='bbox 861 2937 897 2980; x_wconf 89' lang='lat' dir='ltr'><strong>ae</strong></span> <span class='ocrx_word' id='word_1_194' title='bbox 920 2938 975 2998; x_wconf 84' lang='lat' dir='ltr'><strong>pro</strong></span> 
     </span>
     <span class='ocr_line' id='line_1_26' title="bbox 13 3006 976 3091; baseline 0.003 -22"><span class='ocrx_word' id='word_1_195' title='bbox 13 3028 69 3069; x_wconf 87' lang='lat' dir='ltr'><strong>aua</strong></span> <span class='ocrx_word' id='word_1_196' title='bbox 98 3006 303 3070; x_wconf 78' lang='lat' dir='ltr'><strong>sollieitudine</strong></span> <span class='ocrx_word' id='word_1_197' title='bbox 335 3007 479 3087; x_wconf 83' lang='lat' dir='ltr'><strong>dignitati</strong></span> <span class='ocrx_word' id='word_1_198' title='bbox 515 3009 599 3090; x_wconf 79' lang='lat' dir='ltr'><strong>regni</strong></span> <span class='ocrx_word' id='word_1_199' title='bbox 635 3008 803 3090; x_wconf 79' lang='lat' dir='ltr'><strong>Anglorurn</strong></span> <span class='ocrx_word' id='word_1_200' title='bbox 840 3011 976 3091; x_wconf 77' lang='lat' dir='ltr'><strong>impensu</strong></span> 
     </span>
     <span class='ocr_line' id='line_1_27' title="bbox 13 3101 975 3187; baseline 0.003 -23"><span class='ocrx_word' id='word_1_201' title='bbox 13 3105 113 3185; x_wconf 70' lang='lat' dir='ltr'><strong>dignae</strong></span> <span class='ocrx_word' id='word_1_202' title='bbox 133 3110 233 3184; x_wconf 82' lang='lat' dir='ltr'><strong>grates</strong></span> <span class='ocrx_word' id='word_1_203' title='bbox 254 3101 475 3182; x_wconf 81' lang='lat' dir='ltr'><strong>persolvuntur.</strong></span> <span class='ocrx_word' id='word_1_204' title='bbox 516 3102 648 3164; x_wconf 82' lang='lat' dir='ltr'><strong>Traditis</strong></span> <span class='ocrx_word' id='word_1_205' title='bbox 669 3104 778 3166; x_wconf 87' lang='lat' dir='ltr'><strong>deinde</strong></span> <span class='ocrx_word' id='word_1_206' title='bbox 792 3106 903 3179; x_wconf 64' lang='lat' dir='ltr'><strong>littaris</strong></span> <span class='ocrx_word' id='word_1_207' title='bbox 918 3107 975 3187; x_wconf 80' lang='lat' dir='ltr'><strong>ipsi</strong></span> 
     </span>
     <span class='ocr_line' id='line_1_28' title="bbox 13 3194 975 3276; baseline 0.002 -18"><span class='ocrx_word' id='word_1_208' title='bbox 13 3217 33 3258; x_wconf 87' lang='lat' dir='ltr'><strong>a</strong></span> <span class='ocrx_word' id='word_1_209' title='bbox 53 3215 132 3276; x_wconf 81' lang='lat' dir='ltr'><strong>papa</strong></span> <span class='ocrx_word' id='word_1_210' title='bbox 152 3196 283 3266; x_wconf 75' lang='lat' dir='ltr'><strong>directis,</strong></span> <span class='ocrx_word' id='word_1_211' title='bbox 312 3201 381 3274; x_wconf 80' lang='lat' dir='ltr'><strong>post</strong></span> <span class='ocrx_word' id='word_1_212' title='bbox 400 3194 519 3274; x_wconf 76' lang='lat' dir='ltr'><strong>aliquot</strong></span> <span class='ocrx_word' id='word_1_213' title='bbox 539 3196 603 3256; x_wconf 86' lang='lat' dir='ltr'><strong>dies</strong></span> <span class='ocrx_word' id='word_1_214' title='bbox 624 3216 692 3259; x_wconf 90' lang='lat' dir='ltr'><strong>eum</strong></span> <span class='ocrx_word' id='word_1_215' title='bbox 713 3218 748 3259; x_wconf 91' lang='lat' dir='ltr'><strong>eo</strong></span> <span class='ocrx_word' id='word_1_216' title='bbox 769 3207 891 3261; x_wconf 80' lang='lat' dir='ltr'><strong>exectos</strong></span> <span class='ocrx_word' id='word_1_217' title='bbox 911 3202 975 3260; x_wconf 83' lang='lat' dir='ltr'><strong>An·</strong></span> 
     </span>
     <span class='ocr_line' id='line_1_29' title="bbox 13 3286 977 3372; baseline 0.005 -25"><span class='ocrx_word' id='word_1_218' title='bbox 13 3288 104 3369; x_wconf 81' lang='lat' dir='ltr'><strong>gliarn</strong></span> <span class='ocrx_word' id='word_1_219' title='bbox 137 3287 255 3348; x_wconf 83' lang='lat' dir='ltr'><strong>nuneiia</strong></span> <span class='ocrx_word' id='word_1_220' title='bbox 276 3287 328 3364; x_wconf 88' lang='lat' dir='ltr'><strong>qui</strong></span> <span class='ocrx_word' id='word_1_221' title='bbox 358 3286 455 3347; x_wconf 84' lang='lat' dir='ltr'><strong>Roma</strong></span> <span class='ocrx_word' id='word_1_222' title='bbox 482 3294 630 3350; x_wconf 85' lang='lat' dir='ltr'><strong>venerant</strong></span> <span class='ocrx_word' id='word_1_223' title='bbox 658 3288 820 3352; x_wconf 83' lang='lat' dir='ltr'><strong>eomitatue</strong></span> <span class='ocrx_word' id='word_1_224' title='bbox 849 3292 977 3372; x_wconf 82' lang='lat' dir='ltr'><strong>impiger</strong></span> 
     </span>
     <span class='ocr_line' id='line_1_30' title="bbox 15 3379 978 3464; baseline 0.004 -21"><span class='ocrx_word' id='word_1_225' title='bbox 15 3382 121 3443; x_wconf 82' lang='lat' dir='ltr'><strong>tendit</strong></span> <span class='ocrx_word' id='word_1_226' title='bbox 164 3379 346 3442; x_wconf 77' lang='lat' dir='ltr'><strong>Litterarum</strong></span> <span class='ocrx_word' id='word_1_227' title='bbox 367 3385 468 3442; x_wconf 91' lang='lat' dir='ltr'><strong>autem</strong></span> <span class='ocrx_word' id='word_1_228' title='bbox 490 3402 566 3461; x_wconf 84' lang='lat' dir='ltr'><strong>quaa</strong></span> <span class='ocrx_word' id='word_1_229' title='bbox 595 3382 658 3464; x_wconf 81' lang='lat' dir='ltr'><strong>regi</strong></span> <span class='ocrx_word' id='word_1_230' title='bbox 679 3384 832 3448; x_wconf 87' lang='lat' dir='ltr'><strong>detulerat</strong></span> <span class='ocrx_word' id='word_1_231' title='bbox 852 3384 978 3448; x_wconf 81' lang='lat' dir='ltr'><strong>textue¹</strong></span> 
     </span>
     <span class='ocr_line' id='line_1_31' title="bbox 13 3474 238 3537; baseline 0.004 -2"><span class='ocrx_word' id='word_1_232' title='bbox 13 3474 64 3537; x_wconf 87' lang='lat' dir='ltr'><strong>hie</strong></span> <span class='ocrx_word' id='word_1_233' title='bbox 83 3483 137 3536; x_wconf 80' lang='lat' dir='ltr'><strong>eet.</strong></span> <span class='ocrx_word' id='word_1_234' title='bbox 237 3528 238 3531; x_wconf 65' lang='grc'>,</span> 
     </span>
    </p>
   </div>
   <div class='ocr_carea' id='block_1_2' title="bbox 15 3573 1111 3978">
    <p class='ocr_par' dir='ltr' id='par_1_3' title="bbox 15 3573 1111 3978">
     <span class='ocr_line' id='line_1_32' title="bbox 57 3573 976 3642; baseline 0.011 -17"><span class='ocrx_word' id='word_1_235' title='bbox 57 3573 190 3626; x_wconf 78' lang='lat' dir='ltr'><strong>Paaehaliu</strong></span> <span class='ocrx_word' id='word_1_236' title='bbox 210 3573 356 3640; x_wconf 72' lang='lat' dir='ltr'><strong>episcopua,</strong></span> <span class='ocrx_word' id='word_1_237' title='bbox 372 3591 463 3627; x_wconf 78' lang='lat' dir='ltr'><strong>eervua</strong></span> <span class='ocrx_word' id='word_1_238' title='bbox 484 3591 619 3630; x_wconf 72' lang='lat' dir='ltr'><strong>nervorum</strong></span> <span class='ocrx_word' id='word_1_239' title='bbox 642 3577 701 3642; x_wconf 88' lang='lat' dir='ltr'><strong>Dei,</strong></span> <span class='ocrx_word' id='word_1_240' title='bbox 714 3580 812 3633; x_wconf 74' lang='lat' dir='ltr'><strong>dilecto</strong></span> <span class='ocrx_word' id='word_1_241' title='bbox 834 3579 889 3634; x_wconf 89' lang='lat' dir='ltr'><strong>tilio</strong></span> <span class='ocrx_word' id='word_1_242' title='bbox 903 3580 976 3635; x_wconf 79' lang='lat' dir='ltr'><strong>Heu·</strong></span> 
     </span>
     <span class='ocr_line' id='line_1_33' title="bbox 15 3653 1111 3749; baseline 0.013 -42"><span class='ocrx_word' id='word_1_243' title='bbox 15 3654 81 3749; x_wconf 58' lang='lat' dir='ltr'><strong>neo,</strong></span> <span class='ocrx_word' id='word_1_244' title='bbox 96 3653 194 3733; x_wconf 79' lang='lat' dir='ltr'><strong>itluatri</strong></span> <span class='ocrx_word' id='word_1_245' title='bbox 217 3655 366 3721; x_wconf 80' lang='lat' dir='ltr'><strong>Angiornm</strong></span> <span class='ocrx_word' id='word_1_246' title='bbox 388 3656 454 3723; x_wconf 80' lang='lat' dir='ltr'><strong>regi,</strong></span> <span class='ocrx_word' id='word_1_247' title='bbox 479 3659 592 3712; x_wconf 79' lang='lat' dir='ltr'><strong>natatem</strong></span> <span class='ocrx_word' id='word_1_248' title='bbox 611 3668 639 3715; x_wconf 86' lang='lat' dir='ltr'><strong>at</strong></span> <span class='ocrx_word' id='word_1_249' title='bbox 659 3662 831 3730; x_wconf 81' lang='lat' dir='ltr'><strong>apoatelieam</strong></span> <span class='ocrx_word' id='word_1_250' title='bbox 852 3663 977 3717; x_wconf 87' lang='lat' dir='ltr'><strong>benedie-</strong></span> <span class='ocrx_word' id='word_1_251' title='bbox 989 3668 1111 3720; x_wconf 60' lang='lat' dir='ltr'><strong>ludi&amp;</strong></span> 
     </span>
     <span class='ocr_line' id='line_1_34' title="bbox 16 3742 979 3896; baseline 0.01 -25"><span class='ocrx_word' id='word_1_252' title='bbox 16 3742 126 3872; x_wconf 40' lang='lat' dir='ltr'><strong>²¹⁰¹&amp;ss</strong></span> <span class='ocrx_word' id='word_1_253' title='bbox 141 3818 174 3872; x_wconf 85' lang='lat' dir='ltr'><strong>da</strong></span> <span class='ocrx_word' id='word_1_254' title='bbox 188 3835 268 3871; x_wconf 82' lang='lat' dir='ltr'><strong>mann</strong></span> <span class='ocrx_word' id='word_1_255' title='bbox 291 3819 398 3872; x_wconf 85' lang='lat' dir='ltr'><strong>Domini</strong></span> <span class='ocrx_word' id='word_1_256' title='bbox 424 3820 524 3887; x_wconf 82' lang='lat' dir='ltr'><strong>largina</strong></span> <span class='ocrx_word' id='word_1_257' title='bbox 546 3824 683 3888; x_wconf 79' lang='lat' dir='ltr'><strong>honorem.</strong></span> <span class='ocrx_word' id='word_1_258' title='bbox 698 3826 816 3890; x_wconf 71' lang='lat' dir='ltr'><strong>divitiae,</strong></span> <span class='ocrx_word' id='word_1_259' title='bbox 835 3843 979 3896; x_wconf 82' lang='lat' dir='ltr'><strong>puoamqua</strong></span> 
     </span>
     <span class='ocr_line' id='line_1_35' title="bbox 23 3899 980 3978; baseline 0.01 -24"><span class='ocrx_word' id='word_1_260' title='bbox 23 3899 177 3970; x_wconf 68' lang='lat' dir='ltr'><strong>mpetu.</strong></span> <span class='ocrx_word' id='word_1_261' title='bbox 196 3901 325 3953; x_wconf 84' lang='lat' dir='ltr'><strong>miramur</strong></span> <span class='ocrx_word' id='word_1_262' title='bbox 343 3901 526 3956; x_wconf 73' lang='lat' dir='ltr'><strong>vehementius</strong></span> <span class='ocrx_word' id='word_1_263' title='bbox 547 3911 575 3959; x_wconf 84' lang='lat' dir='ltr'><strong>et</strong></span> <span class='ocrx_word' id='word_1_264' title='bbox 596 3921 739 3973; x_wconf 76' lang='lat' dir='ltr'><strong>gravamur</strong></span> <span class='ocrx_word' id='word_1_265' title='bbox 752 3910 824 3978; x_wconf 83' lang='lat' dir='ltr'><strong>quod</strong></span> <span class='ocrx_word' id='word_1_266' title='bbox 842 3910 871 3963; x_wconf 85' lang='lat' dir='ltr'><strong>in</strong></span> <span class='ocrx_word' id='word_1_267' title='bbox 895 3925 980 3977; x_wconf 78' lang='lat' dir='ltr'><strong>ragno</strong></span> 
     </span>
    </p>
   </div>
   <div class='ocr_carea' id='block_1_3' title="bbox 16 4106 992 4250">
    <p class='ocr_par' dir='ltr' id='par_1_4' title="bbox 16 4106 992 4250">
     <span class='ocr_line' id='line_1_36' title="bbox 47 4106 978 4177; baseline -0.004 -12"><span class='ocrx_word' id='word_1_268' title='bbox 47 4115 54 4148; x_wconf 82' lang='lat'>¹</span> <span class='ocrx_word' id='word_1_269' title='bbox 66 4114 149 4164; x_wconf 64' lang='lat' dir='ltr'><strong>mint</strong></span> <span class='ocrx_word' id='word_1_270' title='bbox 159 4114 328 4176; x_wconf 64' lang='grc' dir='ltr'><strong>ανεᾶίφίιωρί</strong></span> <span class='ocrx_word' id='word_1_271' title='bbox 339 4113 382 4176; x_wconf 78' lang='lat' dir='ltr'><strong>A.]</strong></span> <span class='ocrx_word' id='word_1_272' title='bbox 396 4116 426 4163; x_wconf 82' lang='grc' dir='ltr'><strong>Α.</strong></span> <span class='ocrx_word' id='word_1_273' title='bbox 434 4117 475 4162; x_wconf 78' lang='lat' dir='ltr'><strong>do.</strong></span> <span class='ocrx_word' id='word_1_274' title='bbox 549 4106 558 4138; x_wconf 80' lang='lat'><strong>¹</strong></span> <span class='ocrx_word' id='word_1_275' title='bbox 571 4106 715 4157; x_wconf 71' lang='lat' dir='ltr'><strong>litterum</strong></span> <span class='ocrx_word' id='word_1_276' title='bbox 721 4117 821 4172; x_wconf 68' lang='lat' dir='ltr'><strong>mana.</strong></span> <span class='ocrx_word' id='word_1_277' title='bbox 830 4111 978 4177; x_wconf 53' lang='lat' dir='ltr'><strong>altatae]</strong></span> 
     </span>
     <span class='ocr_line' id='line_1_37' title="bbox 16 4183 992 4250; baseline -0.005 -13"><span class='ocrx_word' id='word_1_278' title='bbox 16 4188 73 4238; x_wconf 72' lang='lat' dir='ltr'><strong>aiat</strong></span> <span class='ocrx_word' id='word_1_279' title='bbox 83 4187 260 4250; x_wconf 69' lang='lat' dir='ltr'><strong>archiepiscopi,</strong></span> <span class='ocrx_word' id='word_1_280' title='bbox 271 4187 301 4236; x_wconf 85' lang='grc' dir='ltr'><strong>Δ.</strong></span> <span class='ocrx_word' id='word_1_281' title='bbox 521 4183 660 4232; x_wconf 75' lang='lat' dir='ltr'><strong>Litterarum</strong></span> <span class='ocrx_word' id='word_1_282' title='bbox 672 4189 784 4246; x_wconf 82' lang='lat' dir='ltr'><strong>taxtaaq.</strong></span> <span class='ocrx_word' id='word_1_283' title='bbox 795 4197 814 4232; x_wconf 87' lang='lat' dir='ltr'><strong>r.</strong></span> <span class='ocrx_word' id='word_1_284' title='bbox 824 4185 899 4244; x_wconf 53' lang='lat' dir='ltr'><strong>«tut</strong></span> <span class='ocrx_word' id='word_1_285' title='bbox 989 4217 992 4223; x_wconf 84' lang='grc'>-</span> 
     </span>
    </p>
   </div>
   <div class='ocr_carea' id='block_1_4' title="bbox 0 0 1586 4890">
    <p class='ocr_par' dir='ltr' id='par_1_5' title="bbox 0 0 1586 4890">
     <span class='ocr_line' id='line_1_38' title="bbox 0 0 1586 4890; baseline 0 0"><span class='ocrx_word' id='word_1_286' title='bbox 0 0 1586 4890; x_wconf 95' lang='lat' dir='ltr'><strong> </strong></span> 
     </span>
    </p>
   </div>
  </div>
 </body>
</html>
