3136 4890
148 586 159 657 s
236 610 295 670 tte
451 624 597 670 rnsrorns
619 623 776 670 noventur
798 623 831 668 in
854 620 980 669 anesis.

233 799 337 857 “dem
360 817 448 876 quern
471 799 507 856 de
529 817 619 856 mann
643 797 725 856 illius
745 797 871 875 suscepi,
886 796 982 856 libens
1004 795 1137 866 reddam,
1158 813 1194 854 ca

232 898 248 922 ¹⁸
270 911 300 951 re
321 891 402 970 quod
434 891 510 950 nihil
543 891 704 970 potcstatis
725 910 792 969 qum
813 907 849 950 ce
869 889 1059 969 significatur
1087 889 1119 948 in
1142 888 1195 947 illo

271 987 380 1065 accepi,
395 987 470 1045 laico
491 986 606 1046 ecilieet
620 985 712 1044 (lente
733 985 781 1045 cni
805 984 865 1044 talc
880 982 952 1062 qnid
976 983 1051 1042 nihil
1074 985 1193 1043 attinet

234 1086 249 1109 ‘⁴
271 1077 416 1136 Baenltnn
439 1084 540 1136 autern
563 1098 651 1157 quem
673 1096 764 1156 anper·
778 1076 881 1145 altere,
902 1074 1101 1155 pirmscntibuo
1121 1075 1194 1135 duo·

79 1161 218 1258 ,ᾞξξῖω
234 1180 249 1204 “
271 1171 327 1230 bus
355 1170 508 1250 episcopis,
536 1172 660 1250 arrrnpsi,
681 1191 791 1249 ponmn
814 1169 866 1230 ubi
894 1169 1052 1248 assumpsi,
1073 1175 1105 1229 ct
1125 1189 1194 1229 curn

80 1256 176 1298 '¹⁸⁸⁰‘
234 1272 248 1295 ¹·
270 1263 460 1340 dispositioni
482 1264 554 1321 dean
578 1264 692 1321 Cinaei
715 1262 949 1340 dispensandum
971 1261 1193 1321 commendabo.

79 1364 248 1441 emersus
272 1355 451 1436 llelinquere
479 1361 581 1416 autent
612 1362 709 1415 toturn
738 1357 944 1435 episcopatum
966 1374 1002 1415 ea
1022 1354 1195 1416 conditione

233 1458 248 1481 ‘⁸
269 1450 341 1528 qnia
362 1450 409 1508 vis
440 1450 513 1509 anilii
548 1450 676 1510 infertur
708 1450 876 1528 adquiesco,
898 1455 934 1508 ιιι
960 1469 1028 1509 curn
1061 1455 1214 1528 temporo

233 1551 248 1577 ¹¹
271 1545 435 1604 Alexandri
463 1546 541 1623 regin
563 1564 623 1603 non
646 1545 812 1614 reclamem,
833 1544 892 1602 nisi
915 1543 1051 1622 pontifex
1074 1549 1106 1603 et
1125 1563 1192 1603 con·
1232 1616 1234 1621 s

214 1627 248 1672 '⁴¹
271 1645 380 1699 ventus
412 1638 645 1698 Cantaurioruni
676 1645 708 1698 et
738 1658 790 1697 rex
815 1637 981 1719 lngiorem
1003 1637 1087 1698 alind
1119 1637 1195 1699 milri
1291 1663 1293 1668 ·

232 1741 248 1765 ‘⁸
269 1751 359 1811 super
379 1731 427 1790 liis
441 1733 599 1791 consilinm
621 1731 785 1792 dederint.''
828 1731 865 1790 In
887 1730 935 1790 liis
956 1731 987 1790 in
1009 1751 1082 1810 pace
1104 1731 1195 1791 divisi

202 1832 312 1896 ›sirnt
334 1830 365 1885 et
387 1826 534 1885 Edrnenn
562 1824 759 1885 Carrtnariarn
783 1824 907 1885 veniens
936 1825 976 1884 ab
1004 1826 1144 1906 episcopo
1164 1829 1197 1886 et
1251 1890 1254 1895 ⁴

234 1918 375 1980 iratribus
396 1919 458 1979 stris
481 1919 548 1979 laete
570 1925 725 1998 srisccptns
746 1924 799 1978 est.
843 1917 1034 1999 Diligebutur
1055 1920 1135 1979 enim
1156 1918 1196 1980 ub

233 2013 390 2082 omnibns3
410 2019 442 2069 et
463 2012 515 2089 qni
537 2012 574 2070 de
595 2012 735 2070 absentia
755 2010 838 2070 illius
860 2011 981 2070 lutitant
1002 2012 1196 2082 moestificati,

234 2105 264 2166 in
286 2104 447 2185 pumentia
469 2103 551 2162 illins
574 2103 644 2163 laeti
667 2103 789 2162 fererant
811 2101 1006 2164 vehementer
1026 2103 1195 2167 exhilarati.

234 2201 318 2260 linit
344 2206 445 2259 autern
469 2219 521 2258 rex
547 2199 578 2257 in
602 2197 824 2258 acclinationem
853 2198 947 2277 ipsius
975 2219 1029 2277 per
1048 2199 1194 2259 nuncium

232 2312 319 2351 nuum
341 2289 566 2370 archiepiscopo
587 2288 745 2368 epistolum
769 2309 860 2349 unam
882 2288 948 2350 haec
968 2290 1194 2354 coutinentem.¹

273 2393 422 2446 Alexander
452 2393 500 2444 Dei
531 2392 618 2457 gratis
647 2408 692 2442 rex
724 2393 886 2453 Scottorum,
919 2393 1034 2444 liedulfo
1063 2393 1195 2461 archiepi-

232 2493 311 2542 scopo
332 2475 515 2528 cantuariensi
538 2463 704 2534 ιιιιοιοιιιιο,2
726 2472 753 2522 in
784 2473 841 2539 ipae
870 2473 917 2540 qui
947 2474 1005 2525 rita
1031 2480 1072 2526 ast
1092 2490 1196 2542 semper

231 2558 327 2608 risere.

275 2642 414 2692 Immensm
443 2637 556 2689 bonitati
590 2644 685 2689 vestrm
718 2636 841 2705 petitioni
871 2656 938 2690 mem
959 2638 1193 2700 condescendenti,
1205 2642 1321 2695 um

233 2739 371 2789 persenam
395 2722 421 2770 in
444 2712 637 2785 ΙιιιυιιιιΙιιιιιιιι8
658 2720 749 2770 Sancti
772 2721 888 2771 Andreae
908 2720 1104 2771 sublimandam
1126 2720 1194 2771 mihi

233 2803 374 2862 mittendo,
397 2801 479 2852 animi
511 2801 561 2850 mei
592 2802 703 2851 allectus
734 2800 882 2862 benivolus,
904 2809 932 2852 ct
960 2807 992 2852 ιιι
1016 2800 1121 2868 justum
1153 2808 1195 2854 est

233 2885 372 2944 obnoxius,
409 2882 615 2934 innumerabiles
647 2884 746 2947 gratias
782 2884 878 2935 reddit.
934 2883 986 2936 Sed
1018 2901 1130 2950 persons
1165 2885 1194 2936 iu

228 2968 385 3046 aepiecopstu
408 2967 493 3030 posita
514 2965 750 3014 consuetudinibus
771 2971 849 3015 terrm
871 2964 1041 3031 moribusque
1054 2964 1193 3017 hominum

229 3048 264 3121 {ut
294 3065 335 3099 res
365 3052 394 3098 ct
423 3055 527 3112 ternpus
557 3045 688 3110 exigebat,
710 3051 738 3096 et
769 3052 799 3096 ut
826 3045 930 3112 justum
962 3051 990 3097 et
1017 3047 1194 3098 necessarium

225 3137 310 3190 'esset
332 3129 540 3183 condescendere
569 3128 663 3179 uoluit.
706 3129 768 3195 Ipaa
798 3146 861 3181 rere
892 3129 999 3181 tundcnr
1022 3146 1143 3196 persona,
1165 3131 1194 3181 in

234 3214 375 3281 penitentia
396 3211 560 3278 quorundam
591 3210 773 3276 episcoporum
801 3217 829 3262 et
850 3211 978 3263 comitam
1001 3211 1196 3279 proborumque

235 3303 312 3347 terrm
348 3312 413 3346 meai
444 3294 571 3352 virorum,
593 3308 636 3343 nro
665 3292 805 3360 requisivit
835 3298 867 3344 ut
896 3292 921 3345 ei
953 3293 1089 3346 licentiam
1125 3310 1194 3347 rece·

235 3378 326 3438 dendi,
347 3378 428 3431 etde
458 3375 584 3428 fidelitate
612 3392 691 3443 quarn
721 3376 788 3427 mihi
819 3376 916 3429 leccmt
945 3376 1105 3439 libertatem,
1133 3395 1195 3430 con·

238 3461 375 3520 cederem
405 3477 465 3510 curn
498 3459 572 3508 nullo
604 3458 682 3508 modo
712 3475 849 3510 remanere
880 3459 970 3519 rellct,
1000 3460 1053 3510 nisi
1082 3475 1144 3511 enm
1167 3457 1196 3511 in

239 3542 360 3610 captione
390 3542 542 3592 detinerem.
585 3539 651 3591 Ilme
681 3540 801 3602 audiena,
822 3540 846 3592 ei
879 3541 921 3592 his
952 3540 1040 3594 verbis
1060 3541 1195 3611 respondi,

239 3625 310 3693 qued
331 3625 353 3677 si
375 3624 476 3690 aliqnna
498 3622 644 3698 dimicant
671 3623 748 3676 iactis
769 3622 881 3691 iniurias
901 3624 926 3677 ei
948 3641 965 3677 s
984 3642 1026 3678 me
1047 3624 1144 3686 illotas.
1169 3632 1198 3680 st

239 3708 308 3773 quod
335 3708 361 3756 in
390 3706 522 3771 aliquibus
550 3722 610 3771 qum
639 3706 664 3756 ei
696 3707 781 3758 iscers
812 3706 960 3757 debuissem
989 3723 1033 3758 me
1061 3707 1196 3769 dormisse,

238 3789 439 3847 demonstraret,
461 3803 509 3855 pm
539 3786 586 3838 Dei
617 3802 706 3840 amore
733 3792 762 3841 st
789 3787 889 3841 honum
912 3780 993 3841 meo‘
1020 3788 1197 3844 libentissimo

237 3876 335 3939 prmste
364 3886 446 3922 essem
481 3869 629 3921 emendare.
672 3868 716 3921 Ad
744 3870 802 3921 brec
837 3871 865 3921 iu
900 3872 1042 3936 prematis
1076 3870 1196 3924 omnium
1224 3885 1226 3889 ’

237 4018 262 4024 ..-
269 4014 469 4025 ..mm-...-
476 4015 522 4021 ...-

268 4095 332 4140 'tec
352 4093 510 4154 continentem]
538 4091 695 4140 continentem
760 4088 949 4156 ³protulerim]
962 4095 1137 4156 pandulum&

238 4169 296 4222 hue,
307 4169 337 4214 Λ.
769 4166 942 4230 ⁴lossensem]
956 4166 1158 4229 mmmmm.

269 4238 427 4301 ἠθικήν]
441 4239 486 4285 rios
498 4238 521 4284 iu
534 4239 564 4285 Α.
