3136 4890
330 282 409 470 p

349 445 357 456 ι

326 462 375 485 ῥί

75 485 133 543 298
287 462 434 542 ursacius
457 490 611 535 uoronuu
634 489 668 534 ur
690 487 815 534 suanis.

1 677 47 716 Μ·
116 668 221 745 Itaque
252 667 412 747 Gregorius
444 664 501 723 isto
535 681 603 722 cum
638 661 738 721 adhuc
769 660 801 718 in
830 657 926 737 gradu
955 663 1034 716 essct

74 761 312 828 subdiaconatus¹
343 757 471 835 jubente
505 754 734 833 archiepiscopo,
770 754 904 812 sacratus
938 753 985 808 est
1015 766 1035 808 a

0 845 31 911 *or
75 851 202 931 Rogcrio
221 851 359 930 episcopo
385 847 568 910 Serbericnsi
598 846 637 907 ad
666 845 858 905 diaconatum
890 847 922 903 ct
953 860 1033 920 pres·

75 944 246 1022 bytcraturn
282 944 314 1001 in
352 941 471 1019 jejunio
507 939 627 1018 septimi
661 938 780 997 mensis.
837 935 956 996 Deinde
992 932 1033 992 vi.

74 1037 150 1098 Non.
174 1037 312 1099 Octobris
336 1034 488 1116 promovit
513 1034 598 1095 illum
629 1034 660 1094 ia
690 1052 840 1092 suruumm
873 1027 1033 1091 sacerdotii

72 1133 198 1214 gradum
220 1132 370 1194 Raduliua
390 1130 628 1211 archiepiscopus
650 1129 730 1209 apud
758 1126 964 1197 lambetham,
985 1143 1034 1184 ac-

72 1235 159 1305 cepta
180 1228 262 1304 prius
280 1226 320 1286 ab
337 1246 372 1285 eo
387 1225 498 1302 scripta
513 1223 696 1302 professione
712 1221 749 1280 de
768 1220 956 1298 sribjectione
977 1237 1033 1278 sua

72 1327 105 1382 et
134 1298 318 1382 oimdientia
347 1324 457 1380 sanetro
482 1317 571 1378 matri
597 1316 728 1378 ccclesias
759 1313 970 1376 Cautrrariensi
1003 1318 1035 1374 et

31 1437 33 1442 ’
73 1415 137 1494 ejus
159 1416 350 1495 pontificibus
370 1414 547 1475 exhibenda.
592 1412 673 1472 ilutc
702 1410 919 1472 consecrationi
941 1410 1033 1469 iuter·

73 1508 196 1569 suerunt
217 1515 248 1569 ot
269 1512 472 1587 cooperatores
498 1507 667 1566 extiterunt
698 1503 847 1562 liebertus
877 1504 1034 1582 episeopus

76 1600 276 1673 Lincolieasis,
297 1600 442 1679 Rogerius
468 1598 675 1667 Serbcrieusis,
698 1601 730 1657 et
752 1597 854 1657 David
878 1596 1034 1677 episcopus

76 1694 299 1772 Pangorneasis.
343 1695 459 1768 Quarto
480 1694 528 1752 dio
549 1698 618 1771 post
638 1691 702 1751 hirc
723 1691 810 1751 venit
834 1690 896 1770 ipsc
922 1691 1034 1769 episco-

76 1809 132 1869 pus
163 1789 367 1861 Cantuariaru,
399 1795 430 1847 et
461 1787 603 1865 scriptam
635 1784 847 1864 professionem
879 1804 970 1863 quarn
1003 1783 1035 1842 iu
1136 1847 1140 1851 ‚
1182 1859 1186 1868 ¹

75 1890 226 1944 conventu
256 1878 459 1962 cpiscoporum
492 1887 524 1941 et
556 1899 721 1940 numerosa
744 1878 950 1938 multitudinis
983 1897 1035 1957 po·
1062 1902 1065 1910 ·

76 1976 149 2053 puli,
169 1976 221 2053 qui
242 1976 281 2034 ad
310 1976 375 2052 ejus
402 1973 652 2033 consecrationem
683 1977 894 2038 couvenerant,
916 1971 1035 2049 publico

76 2067 193 2135 iecerat,
222 2086 312 2145 super
346 2066 440 2125 altaro
476 2063 598 2124 Domini
635 2062 748 2123 Christi
786 2062 892 2123 lectam
925 2063 1035 2142 posuit,

75 2180 164 2239 aerpue
187 2159 303 2221 fidelem
325 2166 356 2220 et
383 2159 586 2219 obredientem
612 2157 667 2236 ipsi
698 2157 828 2218 ecclesia
850 2175 884 2217 ac
913 2156 1035 2237 pontiti·

3 2313 9 2321 ,
75 2253 159 2314 cibas
179 2253 241 2312 auis
261 2253 334 2311 dum
355 2253 473 2313 vireret
494 2251 558 2311 foro
588 2251 732 2329 promisit
776 2249 849 2310 Post
877 2248 942 2310 luce
972 2250 1035 2330 ipso

3 2329 40 2420 ,Ἢ
76 2348 231 2427 episcopus
261 2345 438 2406 Hiberniam
469 2364 618 2424 regressus
656 2342 828 2423 pontificem
858 2342 1036 2415 Annachirc,

1 2422 64 2504 ”nd
76 2441 267 2502 Caelestinum
297 2429 424 2510 nomine,
450 2440 481 2498 iu
512 2439 575 2499 loco
603 2458 658 2497 suo
688 2438 888 2497 sirlrstituturu
910 2437 1036 2510 invonit,

13 2559 58 2587 m
77 2534 124 2593 cui
150 2538 181 2593 et
205 2531 347 2592 nobilitas
371 2530 495 2610 generis,
522 2538 553 2590 et
577 2530 672 2608 major
696 2529 885 2589 abundantia
909 2534 1037 2607 terreum

13 2621 20 2626 ⁷
78 2625 290 2695 facultatium
320 2625 351 2685 iu
379 2624 434 2683 lios
458 2631 549 2703 atrpuo
574 2623 641 2683 iilos
667 2624 818 2702 profusior
847 2643 962 2696 manus,
983 2624 1037 2685 ho·

77 2722 172 2779 mines
197 2718 304 2799 patriae
334 2719 428 2796 ipsius
459 2720 488 2776 iu
519 2719 564 2776 sui
596 2719 737 2786 savorem,
768 2718 855 2796 prdso
885 2718 1037 2798 Gregorio

76 2811 304 2893 conglutinavit.
359 2810 417 2886 Qui
449 2810 611 2889 Gregorius
640 2809 709 2870 iude
738 2809 892 2871 discedens
923 2811 961 2871 ad
992 2831 1038 2872 ar·

76 2907 296 2987 chiepiscopum
319 2907 369 2984 qui
393 2926 462 2965 cum
488 2911 658 2966 sacraverat
683 2925 819 2966 reversus
844 2912 898 2966 est.
941 2906 1037 2979 Quem

77 3001 204 3079 benigue
230 3008 400 3079 susceptum
426 3019 524 3058 seeum
550 3018 618 3059 eum
644 2997 756 3058 honoro
780 2998 922 3071 detinuit,
944 2999 1039 3062 donec

78 3093 141 3175 ipso
161 3092 401 3172 archiepiscopus
423 3093 563 3172 prasenti
585 3093 658 3153 vitro
679 3092 860 3173 superfuitt
921 3080 923 3084 ⁵
1051 3086 1173 3140 mm·

0 3219 33 3280 »a
120 3187 177 3246 His
199 3188 242 3247 ita
262 3187 458 3256 variantibus,
479 3206 569 3266 supra
594 3188 769 3267 ‹lesigmatus
790 3188 946 3268 episcopus
967 3187 1038 3250 Sco·

1 3293 57 3367 ⁵¹u
81 3280 131 3339 tin
152 3277 324 3340 (iantuaiiao
344 3280 486 3340 continue
508 3279 643 3359 degebat,
665 3281 744 3340 sicut
768 3281 839 3341 olim
863 3282 1039 3362 priusquam

81 3372 111 3432 in
134 3375 340 3451 pontificatum
363 3374 474 3435 eiectus
496 3383 573 3435 esset
595 3376 690 3437 secere
710 3374 835 3446 solebat.
856 3384 1038 3439 conventum

79 3465 289 3525 monachonrm
310 3484 369 3524 uon
388 3465 473 3526 facile
492 3467 638 3538 deserens,
652 3467 704 3528 aed
725 3488 806 3528 moro
826 3466 953 3530 alimum
975 3490 1038 3531 acac

79 3556 111 3617 iu
133 3558 272 3618 omuibus
291 3557 401 3639 ngcns¹
443 3559 578 3621 Transiit
599 3561 631 3621 in
656 3561 722 3622 istis
747 3581 846 3624 annus
869 3562 1040 3644 integeret

79 3652 175 3711 semis.
219 3651 380 3712 Venientes
402 3652 516 3714 interea
540 3655 737 3716 Cautuariam
762 3656 874 3717 clivorsi
899 3656 1040 3738 episcopi,

80 3744 211 3815 abbatos
233 3750 264 3806 et
288 3745 398 3824 quiquo
423 3745 547 3822 nobiles,
572 3748 625 3828 qui
651 3747 804 3811 hominem
825 3770 863 3811 cx
884 3749 1040 3814 cohabita·

90 3911 155 3919 ω...-
182 3911 254 3917 ---
284 3911 317 3917 Δ..
748 3916 807 3924 ’-ὑ

113 4003 353 4063 ‘Aiiqwadodatiac
376 4038 382 4050 .
406 4036 434 4051 ..
457 4019 536 4064 cuper·
613 4007 712 4069 Ἥρη]
726 4008 821 4065 habeat,
832 4012 862 4058 Δ.

75 4075 156 4137 Μ]
170 4074 294 4122 aaran.
