3136 4890
62 539 116 606 '12
295 549 442 600 nrsronsn
462 549 618 599 uovoaou
642 548 675 596 ιιι
696 546 824 596 nuens

69 743 204 786 manum
232 724 309 804 regis
339 727 511 806 susciperet,
535 744 598 786 non
627 722 795 804 adquievit,
815 720 1038 783 rationabiliter

71 819 241 882 ostendens
271 817 327 881 hoa
354 818 467 880 denium
496 839 557 881 non
578 819 617 880 nd
638 819 752 901 regiam
774 817 964 896 dignitatem,
984 813 1037 875 scd

72 914 119 976 ad
134 914 316 992 singularem
330 913 416 973 Beati
431 913 513 974 Petri
528 915 677 992 pertinere
692 913 913 974 auctoritatem.
946 911 1038 972 Unde

74 1024 149 1068 oum
170 1024 274 1066 omnes
299 1004 421 1067 silentio
448 1006 542 1088 pressi
565 1005 790 1077 conticuissent,
813 1009 964 1066 statutum
992 1008 1040 1065 est

75 1104 118 1162 ot
137 1120 157 1162 a
176 1121 237 1183 quo
256 1099 381 1182 polium
410 1101 442 1163 in
463 1100 607 1183 Angiiam
627 1101 762 1164 delatum
791 1105 846 1172 est,
867 1099 907 1163 ab
934 1100 1038 1162 codem
1139 1115 1142 1122 ·

77 1194 279 1256 Contuarianu
299 1214 388 1276 super
407 1195 503 1257 altare
525 1196 693 1258 Salvatoris
714 1195 889 1266 deferretur,
909 1200 941 1254 et
969 1193 1039 1254 inde
1167 1193 1171 1201 '

76 1286 120 1349 ab
143 1288 294 1362 Anselmo,
313 1290 397 1373 quasi
430 1289 468 1352 do
499 1309 591 1352 mauu
624 1288 710 1354 Beati
734 1288 824 1361 Petri,
846 1309 900 1372 pro
928 1287 1039 1351 summi

77 1404 141 1467 quo
161 1385 345 1468 fungebatur
365 1387 559 1468 pontificatus
579 1387 691 1450 honoro
705 1393 882 1449 sumeretur.
924 1386 1039 1467 Adqui-

79 1478 147 1540 evit
165 1479 233 1540 istis
254 1481 419 1542 multitudo
439 1481 545 1554 omnis,
565 1487 598 1543 et
628 1481 660 1541 in
689 1501 750 1561 que
782 1480 826 1541 ita
857 1479 944 1542 tieret
963 1498 1038 1562 proe-

80 1571 161 1634 fixus
181 1577 229 1635 eat
247 1573 319 1638 dies

122 1667 196 1729 Post
209 1668 274 1731 hmo
293 1670 470 1748 Anaelmurn
491 1689 511 1731 a
530 1669 615 1731 curia
634 1668 837 1730 discedentem
859 1669 952 1731 secuti
967 1675 1040 1729 suunt

1 1748 9 1758 '⁴
82 1760 213 1843 episcopi
242 1761 309 1834 duo,
335 1761 484 1823 liebertus
511 1760 646 1824 scilicet¹
669 1761 906 1835 Herofordeusis,
926 1766 958 1823 et
983 1762 1040 1822 Os·

82 1854 214 1916 mundos
235 1854 441 1930 serberiensis,
462 1857 674 1938 peonitentiam
702 1857 782 1939 apud
808 1857 894 1918 illum
915 1861 1040 1938 agronteo
1113 1897 1115 1901 -

82 1967 137 2028 pro
157 1950 247 2029 culpa
266 1971 328 2012 sum
348 1951 557 2030 abnegationis
579 1971 670 2030 quam
691 1971 760 2012 cum
774 1951 842 2010 aliis
858 1951 1039 2031 coepiscopis

82 2041 146 2102 auis
166 2042 301 2105 fecerant
327 2043 408 2126 opud
437 2041 683 2125 Roebingebam.²
722 2043 792 2120 Qui,
819 2043 961 2106 misertus
990 2063 1039 2105 co·

82 2136 310 2206 romalsoivit
329 2157 379 2198 eos
407 2137 439 2198 in
460 2139 590 2218 quodam
612 2137 773 2209 ecclesiola,
795 2157 863 2216 quse
891 2148 923 2198 se
950 2136 1038 2197 nobis

81 2227 196 2289 obtulit
207 2228 435 2290 ambulantibus
456 2230 610 2311 proposita
624 2230 682 2291 via
725 2230 881 2291 lbietiam
896 2229 1039 2290 Wilsrido
1117 2271 1118 2274 =
1248 2286 1252 2293 .

16 2347 51 2381 n
80 2322 218 2404 episcopo
239 2322 344 2385 Sancti
365 2321 467 2394 David
492 2323 529 2386 do
550 2323 665 2396 usialis,
686 2325 739 2404 qui
761 2323 854 2405 vulgo
875 2323 962 2385 Dewi
985 2344 1037 2385 vo·

78 2421 172 2488 eamr,
188 2417 253 2496 ipsa
273 2417 348 2479 bora
366 2412 501 2527 reddidit
514 2418 682 2499 episcopale
703 2419 844 2489 officium,
858 2437 958 2498 aquo,
973 2419 1046 2494 eni·⁴

77 2517 167 2593 genta
187 2511 323 2594 culpa'
297 2531 370 2593 apua,
381 2504 455 2593 J‘arn
464 2502 555 2576 antea
576 2513 704 2596 ipsemet
724 2512 809 2575 ilium
831 2513 1036 2596 suspenderat

118 2605 236 2668 Deinde
264 2607 481 2684 Dorobemiam
513 2610 750 2689 properavimus,
779 2609 841 2669 illic
871 2610 1037 2669 adventum

4 2670 206 2792 :Romani
241 2699 372 2780 episcopi
401 2701 611 2780 permotelaturi.
662 2700 722 2776 Qui
758 2701 914 2782 episcopus
944 2700 1039 2780 juxta

0 2827 1 2831 =
4 2750 249 2856 *modinum
271 2793 321 2857 die
341 2793 507 2868 Dominiea,
530 2818 597 2878 quse
619 2803 684 2859 erut
705 2802 813 2876 quarto
835 2797 908 2856 idus
928 2795 1038 2868 eunii?

2 2919 11 2935 ·
80 2891 174 2957 venit,
196 2890 358 2968 pallium
350 2910 382 2950 ιιι
409 2896 554 2970 argentea
580 2890 704 2969 captiuis
727 2890 935 2950 decentissimo
957 2891 1037 2952 ‹lero-

77 2999 155 3052 rous,
176 2982 313 3064 itumque
343 2989 389 3045 est
417 2982 539 3045 obviam
559 3003 579 3045 n
599 2981 753 3046 monacbis
785 2983 818 3045 in
840 2984 905 3065 ipsa
925 2991 1037 3048 metro·

77 3074 141 3155 poli
162 3077 231 3139 aedo
252 3078 384 3139 Domino
405 3076 528 3141 Christo
556 3079 782 3151 famulantibus,
803 3080 950 3142 associato
978 3080 1160 3144 sibinen

77 3167 208 3232 intrusos
231 3177 390 3247 ssoonventu
411 3173 520 3237 vicinae
541 3173 698 3237 beatorum
725 3173 929 3256 apestolorum
952 3174 1035 3238 Petri
1080 3200 1088 3216 ·

76 3268 111 3326 at
145 3265 232 3328 Pauli
262 3267 402 3341 abbatim,
434 3289 502 3331 cum
537 3288 696 3332 numerosa
728 3272 913 3344 clericorum,
941 3291 1036 3333 necno

76 3357 224 3421 ἰιιιιιιιιιιι
243 3359 387 3423 laiconun
407 3360 519 3423 divomi
539 3382 629 3424 sexus
649 3370 682 3426 et
702 3363 809 3436 mtatis,
828 3363 1046 3428 multitudine

75 3449 171 3512 Potor
198 3454 290 3515 otiam
321 3456 393 3535 ipse,
423 3456 569 3535 episeopis
597 3458 650 3537 qui
679 3458 719 3518 ob
750 3457 807 3520 boc
835 3459 1033 3520 Cautuariam

75 3552 226 3607 merant
245 3546 354 3609 dextra
368 3547 503 3630 lausque
522 3549 655 3630 stipatus
677 3570 712 3615 ac
732 3557 930 3627 sustentatus,
950 3572 1035 3617 sacro

74 3635 161 3700 beati
188 3639 390 3721 apestolomm
412 3643 556 3725 principis
576 3645 693 3707 muneri
715 3646 805 3708 nudis
826 3647 961 3728 podibus,
982 3648 1035 3709 sed

72 3729 204 3794 indotos
230 3733 322 3797 sacris
348 3734 494 3808 reatibus,
515 3736 643 3800 dovotus
669 3739 806 3804 occurrit
848 3738 915 3803 ΤιΙί
942 3741 1036 3804 devo·

103 4019 366 4087 ΙιεόιιιιΠοιΙιΔ.
606 4025 1033 4084 'nonanunernooomnnom

101 4096 305 4167 'normal
335 4096 530 4164 Boetingtrban.
576 4112 646 4148 emor.
678 4099 729 4148 'l’bc
754 4104 802 4151 roal
822 4104 876 4153 data
902 4118 950 4154 m
975 4106 1034 4169 May

65 4176 104 4226 Α,
578 4174 641 4221 ”th
673 4174 717 4221 Βιι
728 4174 832 4224 Prot-cr
