3136 4890
644 465 704 523 425

22 754 30 801 Ι
111 718 165 764 M·
195 707 320 769 INCIPIT
370 723 532 771 PROLOGUS
574 725 608 770 lli
660 726 913 774 Drscnwrtoxstt
954 728 1159 785 QUORUXDA!

277 817 514 864 uiaticutonus
549 817 695 863 otonrosr
724 819 834 866 narius
862 807 1011 868 Ansstrrt
1046 822 1161 869 sacar·

47 871 80 977 lli
279 909 426 956 misceri.

23 1084 27 1091 .
65 1006 73 1083 l
240 1038 317 1099 Cum
338 1041 434 1101 vitam
452 1042 614 1101 venerandi
635 1043 730 1120 patris
744 1043 881 1104 Anselmi
897 1045 1048 1106 scribendi
1062 1044 1306 1105 effidem-r·

194 1132 260 1209 jam
283 1136 484 1203 temrinarem,
506 1141 537 1196 ct
559 1156 606 1195 me
627 1137 660 1195 in
681 1156 717 1196 ca
737 1157 805 1215 qum
836 1138 915 1199 eima
945 1139 1064 1199 obitum
1093 1102 1321 1235 ejttsffi

200 1225 383 1304 quibusdam
417 1227 484 1287 viso
513 1233 587 1287 sunt
620 1227 697 1287 inibi
731 1229 915 1309 scripturum
946 1251 1097 1312 negarem,
1123 1238 1274 1293 satum

200 1321 281 1399 queri
310 1321 411 1381 omnia
441 1341 509 1401 qum
539 1321 740 1383 admiratione
769 1322 863 1402 ‹ligna
894 1323 932 1385 ‹le
964 1344 999 1385 eo
1028 1325 1164 1387 revelata

201 1415 326 1474 suerunt
346 1416 474 1475 scribere
496 1414 608 1475 infiniti
631 1421 723 1493 negot
724 1416 745 1474 ii
771 1416 993 1492 judicaverim,¹
1015 1436 1070 1479 nec
1100 1418 1165 1479 luet

202 1508 331 1567 scribere
360 1515 392 1567 et
424 1508 477 1567 illa
512 1527 574 1568 non
595 1506 746 1568 seribere⁸
775 1509 864 1585 quusi
896 1508 968 1571 huic
998 1528 1090 1588 quam
1119 1506 1178 1569 illi¹

205 1600 302 1677 magis
323 1599 482 1670 crederem,
514 1604 661 1677 tanquam
682 1598 814 1678 digniori
835 1599 1023 1662 revelatione
1052 1601 1166 1681 glorifi-

202 1698 280 1763 cato,
300 1692 476 1771 ailquiscere
499 1691 664 1764 voluerim;
691 1711 796 1771 requus
813 1691 938 1754 Arbiter
958 1694 1037 1756 hanc
1057 1694 1090 1756 in
1111 1714 1167 1767 me.

204 1793 240 1844 ut
261 1805 367 1845 verum
389 1786 521 1865 eloquar,
541 1785 706 1844 stultitiam
737 1786 849 1845 mentis
878 1787 1064 1860 examinans,
1084 1807 1168 1867 qum·

205 1879 275 1937 ‹lnm
307 1899 368 1938 non
391 1901 446 1959 per
476 1879 625 1937 sturmium
649 1877 714 1937 risa
741 1878 793 1937 seul
823 1898 856 1939 ro
885 1880 951 1959 ipsa
979 1900 1034 1961 pro
1063 1880 1166 1941 eodem

205 1977 293 2049 patro
323 1971 354 2030 in
385 1973 471 2031 obitu
504 1979 535 2030 et
566 1975 635 2050 peu
662 1969 780 2029 obitum
812 1971 879 2048 ejus
908 1972 1025 2052 operari
1059 1973 1167 2053 digna·

206 2071 256 2123 tus
287 2073 341 2134 est,
370 2086 437 2143 qum
469 2072 498 2124 et
531 2065 703 2123 evidentem
735 2064 885 2124 scribendi
907 2067 1064 2127 materiam
1084 2087 1168 2127 sum·

112 2160 117 2169 ’
206 2159 423 2228 ministrarent,
458 2167 489 2219 et
524 2179 591 2237 qum
626 2158 846 2218 dormientibus
880 2160 965 2238 quasi
1000 2179 1055 2240 per
1088 2180 1167 2221 som·

206 2252 291 2309 nium
314 2252 380 2310 risa
400 2258 480 2319 sunt,
495 2270 555 2308 non
578 2250 746 2328 phantasiis
766 2252 959 2324 somniorum,
973 2253 1026 2313 sed
1047 2253 1168 2313 indiciis

206 2350 296 2404 eerrae
319 2343 360 2402 rei
384 2344 485 2421 potius
506 2362 569 2402 esso
586 2342 761 2402 ascribenda
778 2349 1050 2421 praemonstrarent
1078 2344 1168 2407 Unde

208 2457 275 2515 qum
297 2442 370 2496 tune
392 2435 570 2515 praetermisi
593 2454 689 2513 pauca
710 2453 747 2493 cx
769 2435 875 2495 multis
898 2437 1028 2497 scribere
1047 2445 1169 2499 coactus

208 2551 284 2599 sum,
306 2550 374 2607 qum
396 2548 456 2587 non
477 2526 573 2587 solnm
603 2526 678 2586 milri
710 2527 762 2586 secl
783 2534 815 2587 et
835 2528 972 2607 plurilms
993 2530 1025 2590 in
1046 2536 1167 2590 tantum

211 2623 409 2681 innotuerunt
431 2625 466 2678 ut
487 2638 522 2678 ca
545 2619 575 2677 in
605 2618 724 2698 populis
754 2619 929 2699 praedicent,
949 2626 981 2682 et
1009 2640 1057 2682 mo
1087 2620 1168 2702 quod

210 2736 246 2774 ca
267 2735 328 2774 non
350 2714 518 2792 scripserim
541 2712 643 2770 niruim
672 2712 861 2789 simpliciatis
891 2721 1039 2774 mutent
1081 2714 1170 2789 Qum·

211 2809 281 2868 clam
304 2809 398 2885 igitur
419 2827 488 2885 quie
510 2807 576 2866 risa
596 2806 722 2866 luerunt
741 2806 881 2885 quaedam
902 2827 973 2869 voro
993 2828 1061 2887 quse
1088 2808 1171 2871 feet·

213 2903 382 2981 probentur
413 2900 470 2958 sub
502 2918 562 2959 uno
594 2900 689 2958 statui
719 2899 855 2969 scribere,
886 2900 1005 2961 omissis
1033 2900 1171 2982 pluribus

213 3016 281 3074 qum
303 2993 458 3073 popularis
489 3013 590 3052 rumor
616 2993 742 3069 jactitat
770 3011 843 3052 vera
872 2992 995 3071 quidem
1026 3014 1099 3067 osse,
1118 2996 1170 3057 soil

217 3088 292 3147 milri
314 3108 375 3147 non
396 3087 478 3146 omni
500 3106 538 3145 ex
569 3092 655 3166 parto
684 3092 845 3163 comperta
888 3084 929 3147 Et
948 3085 1070 3166 quidem
1091 3086 1172 3167 quod

218 3184 255 3242 ‹le
270 3183 379 3243 comite
402 3179 542 3239 AEmulfo
556 3177 568 3213 ³
581 3179 705 3257 ejusque
725 3177 889 3239 comitibus
908 3177 941 3238 in
962 3180 1039 3239 mari
1060 3180 1174 3243 sactum

216 3277 394 3338 miraculum
426 3273 525 3341 retuli,
556 3273 695 3353 quodque
724 3272 761 3333 ‹lo
791 3271 885 3333 tratre
915 3271 1002 3335 mate
1032 3273 1177 3339 videlieet

219 3372 292 3429 vitm
315 3370 448 3429 Roberto
470 3367 616 3427 monacho
638 3368 669 3425 in
692 3366 750 3425 fine
772 3366 866 3444 ipsius
887 3367 986 3445 operis
1007 3368 1124 3449 scripsi
1139 3388 1177 3431 es

219 3485 250 3524 re
285 3464 424 3542 contigit,
456 3461 528 3540 quia
559 3479 629 3519 mox
663 3467 733 3539 post
767 3460 931 3521 transitum
966 3460 1062 3541 ipsius
1095 3462 1177 3527 tacta

219 3557 345 3615 luerunt
365 3562 397 3614 et
418 3555 494 3613 milri
526 3552 672 3631 evestigio
703 3552 912 3612 innotuerunt.
953 3550 1046 3617 Nune
1073 3564 1176 3618 sutem

218 3668 294 3727 quse,
311 3646 441 3725 juranto
463 3645 563 3725 gratia
584 3643 650 3713 Dei,
670 3643 853 3722 scripturum
885 3664 933 3705 mc
955 3644 1020 3707 iore
1050 3648 1178 3721 conlido.

217 3743 289 3802 licet
309 3748 364 3799 aut
385 3740 469 3819 priua
489 3745 544 3798 aut
564 3735 656 3795 termo
678 3756 731 3815 per
752 3736 832 3796 idem
854 3745 974 3819 tempus
993 3747 1080 3821 gasts
1099 3742 1178 3804 exti-

218 3833 320 3903 tcrint,
343 3833 410 3892 ideo
431 3840 534 3890 tamen
566 3828 626 3887 illis
658 3848 719 3889 non
749 3830 936 3902 continuari,
956 3832 1029 3909 quis
1056 3834 1178 3895 nonnisi

249 3966 610 4028 uses-munemu·
750 3966 1075 4030 mmmm-au.
1091 3970 1182 4019 aas

251 4038 661 4101 meu-ammaus.
723 4038 754 4091 a,
766 4038 795 4093 1..
806 4039 836 4085 rr.
