3136 4890
58 463 103 521 48
275 472 423 521 numan
444 473 600 521 ιιοιιοιιιιιι
623 473 659 519 ιιι
682 469 808 520 naonis.

59 651 152 725 pacto
185 631 399 708 consensuum
435 649 471 705 ιιι
506 664 560 724 pro
595 644 757 705 inimicitia
790 663 881 722 quam
917 649 1024 704 contra
1120 693 1124 704 .

59 737 318 819 archiepiscopum
346 738 486 809 habebat,
508 737 598 798 matri
623 757 686 799 suae
707 736 839 799 ccclesiae
860 736 1023 798 Cantuari·

60 833 185 914 ensidc
204 853 261 894 sua
280 832 429 912 dignitate
450 832 524 911 quid
546 831 649 910 quivis
670 830 851 893 detraheret

104 925 149 986 Eo
168 920 443 1006 empore-curiatis
460 925 610 1005 juventus
630 924 724 985 ferme
747 931 813 986 tota
833 924 931 986 crines
951 944 1021 985 suos
1144 921 1146 926 ’

37 1000 45 1019 '
57 1018 290 1098 juvencularum
311 1037 393 1079 more
413 1016 577 1088 nutriebat,
600 1023 632 1078 et
652 1017 790 1097 quotidie
812 1037 891 1097 pexa
918 1037 954 1077 ac
981 1018 1021 1077 ir·

60 1111 208 1193 religiosis
242 1111 367 1173 nutibus
404 1111 667 1192 circumspectans,
702 1110 841 1174 delicatis
876 1111 1022 1193 vestigiis,

61 1211 166 1266 tenero
185 1206 303 1266 incessu
323 1203 516 1265 obambulare
530 1205 621 1265 solita
635 1211 727 1266 crat⁴
750 1204 797 1264 Do
819 1204 938 1283 quibus,
952 1224 1021 1265 eum

61 1298 97 1359 in
116 1299 215 1379 capite
233 1298 342 1380 jejunii
362 1314 530 1360 sermonem
552 1299 585 1358 in
606 1299 718 1379 populo
738 1298 778 1360 ad
799 1298 921 1360 missam
935 1318 1020 1360 suam

60 1399 97 1471 et
113 1393 153 1454 ad
172 1393 288 1457 cinerea
308 1393 478 1455 confluente
506 1392 586 1453 idern
608 1391 713 1472 pater¹
735 1392 901 1464 habuisset,
921 1393 1021 1472 copio-

61 1505 126 1546 sam
147 1486 268 1546 turbam
289 1506 327 1546 ex
348 1486 409 1546 illia
436 1486 469 1546 ia
497 1485 711 1566 poenitentiam
740 1487 811 1566 egit,
832 1490 865 1546 et
890 1486 1021 1547 attonsis

61 1579 195 1642 crinibus
217 1581 248 1640 in
270 1579 389 1640 virilem
411 1577 536 1641 sormam
559 1579 682 1659 redegit.
725 1578 799 1641 iilos
821 1586 924 1640 autem
945 1600 1021 1659 quos
1068 1627 1072 1634 .

61 1673 178 1736 abbae
200 1672 365 1755 ignominia
386 1693 523 1736 revocare
548 1672 688 1753 nequivit
708 1692 727 1733 a
747 1673 880 1734 cinerum
901 1693 1020 1754 suscep·

64 1768 146 1828 ‘aione
175 1773 208 1829 ct
235 1787 255 1828 a
289 1786 350 1828 sure
385 1766 584 1828 absolutionis
614 1765 822 1828 benedictione
853 1768 1018 1848 suspendit
1030 1761 1143 1829 lieu

64 1860 139 1922 Erat
158 1868 261 1923 autem
289 1859 321 1921 iu
349 1859 398 1921 his
425 1866 458 1921 et
478 1859 652 1940 hujusmodi
674 1858 837 1940 prudentor
864 1881 900 1923 ac
926 1861 1020 1928 libere

62 1975 161 2036 agens,
183 1974 277 2016 necne
304 1954 398 2015 solius
421 1953 552 2033 justitiae
579 1959 747 2034 respectum
776 1972 837 2034 pree
865 1955 959 2016 oculis
988 1956 1019 2015 in

62 2049 201 2110 omnibus
222 2047 344 2118 habens,
366 2045 498 2125 qualiter
525 2046 563 2106 ad
588 2044 645 2107 Dci
667 2046 825 2107 servitium
850 2047 1020 2126 justitiam·

61 2161 121 2223 que
140 2140 295 2203 colendam
316 2160 415 2220 regern
437 2144 613 2219 provocaret
633 2139 798 2200 studiosius
818 2140 959 2201 intendit

102 2234 160 2294 Die
182 2233 276 2314 igitur
295 2232 425 2312 quadam
454 2230 493 2291 ad
521 2251 589 2292 cunr
619 2251 658 2291 cx
680 2251 761 2293 more
783 2232 850 2303 ivit,
871 2239 903 2294 et
925 2234 1020 2313 juxta
1197 2263 1199 2266 >

60 2327 147 2387 ilium
168 2325 275 2386 sedens
295 2344 364 2386 eum
389 2323 437 2383 his
458 2324 558 2384 verbis
580 2324 693 2404 alloqui
714 2325 845 2405 coepit‚‘
846 2327 951 2387 Maro
980 2332 1018 2397 to,

59 2419 217 2480 'domine
247 2418 287 2477 mi
317 2437 379 2489 rex,
409 2417 619 2488 transiturum,
647 2422 679 2477 et
708 2417 928 2479 Normanniam
957 2426 1019 2481 tuta
1129 2468 1130 2471 ,

60 2510 208 2573 ‘ditioni
235 2509 468 2592 subjugaturum
497 2510 681 2591 disposuisti.
724 2510 835 2572 Verum
867 2534 927 2593 quo
956 2513 1020 2575 hacc
1045 2506 1047 2510 ⁸

58 2613 76 2639 ‘¹
97 2611 129 2666 et
156 2604 217 2665 alia
245 2624 312 2683 quoe
340 2603 491 2665 desideras
521 2602 578 2663 tibi
600 2623 740 2683 prospere
760 2605 877 2677 cedant,
898 2606 1020 2668 obsecro

58 2706 76 2733 ¹¹
97 2699 236 2778 primum,
251 2697 395 2776 serapem
416 2700 449 2757 et
469 2695 628 2756 consilium
646 2696 777 2774 qualiter
798 2699 830 2757 in
850 2697 907 2760 hoc
927 2719 1020 2778 regno

58 2799 76 2825 '¹
97 2803 151 2853 tuo
165 2789 387 2861 Christianitas,
402 2808 469 2870 quoe
486 2788 550 2868 jam
574 2787 636 2848 iere
658 2794 725 2849 tota
745 2789 778 2848 in
799 2790 903 2850 multis
920 2792 1020 2870 periit,
1072 2819 1077 2824 ’

56 2892 74 2919 ‘¹
96 2885 129 2945 in
157 2889 272 2945 statum
303 2903 393 2944 suum
417 2882 513 2963 redigi
534 2881 656 2962 possit,’'
697 2882 875 2963 Respondit,
896 2886 1018 2959 “Quam

55 2987 75 3012 ‘⁴
96 2997 193 3058 opem,
221 2977 302 3058 quod
331 2974 541 3038 consiliumi”
583 2975 710 3047 “debe''
743 2977 797 3048 ait,
826 2980 877 3038 “si
912 2979 1018 3059 piacet

56 3077 76 3105 ⁶⁸
96 3071 222 3133 concilia
256 3090 295 3132 ex
329 3069 457 3148 antiquo
492 3088 548 3129 ιιιιι
585 3070 732 3139 renovari,
761 3090 829 3148 quae
863 3091 1018 3151 perperam
1129 3064 1131 3068 ⁴
1177 3064 1181 3072 ’

56 3171 76 3199 “
96 3171 166 3226 acta
195 3170 268 3226 sunt
298 3162 331 3223 in
356 3162 489 3224 medium
512 3161 653 3234 revocari,
674 3170 817 3225 revocata
843 3166 1019 3239 examinari,

56 3267 75 3293 ·
96 3258 270 3320 examinata
311 3256 459 3337 redargui,
500 3255 663 3337 redarguta
703 3256 809 3317 sedari
873 3258 1019 3322 Generalc

56 3359 77 3387 ‘¹
98 3370 206 3432 nempe
240 3348 400 3413 concilium
434 3350 640 3429 episcoporum
676 3369 714 3410 ex
750 3369 812 3429 quo
838 3371 892 3412 rex
921 3353 1019 3414 sactus
1114 3381 1117 3384 >
1158 3423 1163 3433 x

56 3449 78 3480 ‘⁴
99 3445 186 3506 fuisti
213 3462 275 3505 uon
298 3441 361 3502 fuit
388 3442 420 3501 in
441 3441 553 3521 Anglia
574 3441 765 3513 celebratum,
787 3461 842 3505 nec
862 3447 1019 3508 retroactis

56 3545 77 3573 ‘¹
98 3535 237 3618 pluribus
265 3533 361 3595 annia
411 3533 602 3613 Quapropter
630 3534 729 3595 multa
756 3535 884 3597 crimina
913 3557 1020 3644 crupe-

55 3637 75 3665 ⁴
97 3634 180 3700 runt.
200 3632 241 3699 ct,
260 3626 344 3687 nulio
365 3625 417 3706 qui
439 3644 475 3685 ea
494 3625 639 3686 recideret
659 3626 868 3701 existentem
890 3629 1018 3690 nimium

54 3730 75 3757 ‘¹
95 3720 191 3782 robur
210 3738 264 3799 per
283 3735 408 3797 pravam
436 3716 684 3778 consuetudinem
712 3722 936 3782 excreverunt”
976 3722 1020 3783 Aa

53 3813 120 3886 isse,
140 3807 270 3883 “Cumss'
289 3809 426 3940 inquit*
429 3808 519 3869 'mihi
541 3807 640 3870 visum
661 3810 754 3872 fuerit
781 3810 819 3873 de
850 3810 898 3874 his
921 3832 1020 3895 agam,

316 4041 419 4108 ιριιιη]
432 4040 515 4102 Βιρριὶ
508 4041 547 4088 red
557 4040 581 4087 in
592 4041 681 4104 megin
694 4042 719 4089 in
729 4044 760 4090 Α.
