3136 4890
242 606 301 667 164
451 612 600 661 iiisronns
620 609 778 658 uovonusi
800 610 835 657 iu
856 606 982 656 trionis

58 819 60 823 -
102 794 215 844 euim
239 805 311 849 nam
342 806 430 868 opem
461 783 638 868 prestolari,
670 782 838 864 prteertim
867 800 937 845 oum
963 781 1031 862 jam
1063 774 1231 862 crepemus

193 926 198 936 ,
240 900 322 942 mtto
339 864 400 959 'ipsi
422 880 567 940 mmmm
587 877 668 939 stris
688 877 821 938 antistiti
841 877 957 957 legatos
977 880 1010 936 tt
1025 875 1143 938 iittsrts
1163 876 1201 937 ‹it

239 973 287 1033 sui
317 972 432 1053 negotii
461 969 719 1034 consummatione
750 968 960 1041 transmiserit,
981 974 1013 1030 ct
1040 987 1076 1030 eo
1105 979 1336 1048 usquamne

239 1067 284 1130 nil
304 1068 363 1130 uisi
384 1067 536 1148 quandam
557 1065 644 1148 quasi
664 1065 872 1128 consolatoriae
892 1063 1112 1146 expectationis
1133 1081 1202 1144 pro·

240 1162 413 1223 missionem
442 1161 480 1221 de
511 1161 641 1220 termino
671 1159 705 1219 in
733 1158 898 1220 terminum
918 1158 959 1219 ab
986 1178 1021 1218 eo
1050 1155 1201 1218 meruerit

239 1252 343 1330 Tertio
362 1271 483 1335 quoque
513 1252 632 1315 litteras
662 1270 732 1313 suas
763 1251 827 1332 regi
851 1250 971 1333 Angliie
996 1269 1051 1331 pro
1078 1268 1202 1311 suarum

118 1419 123 1430 .
239 1367 340 1408 mrum
360 1346 548 1409 resaisitione
569 1346 731 1418 direxerat,
752 1365 808 1408 uec
833 1345 950 1426 aliquid
978 1344 1018 1407 ab
1038 1342 1112 1406 illo¹
1142 1342 1201 1403 nisi

231 1440 324 1516 quod·
350 1439 557 1499 blandientem
588 1437 647 1498 sibi
678 1437 856 1500 dilationem
887 1438 1038 1518 ingereret
1065 1434 1201 1515 responsi

230 1536 403 1611 ¹acceperat
446 1529 594 1592 Consulto
615 1529 720 1608 itaquo
740 1529 908 1591 venerabili
929 1529 1057 1610 prealato
1079 1527 1202 1608 Lugdu·

240 1623 342 1685 nensis
363 1623 500 1686 civitatis
528 1622 677 1704 episcopo,
697 1623 847 1704 Lugduno
868 1623 1029 1685 l'ranciam
1049 1621 1202 1703 potiturus

240 1716 377 1788 decessit,
406 1721 553 1778 moerente
583 1732 673 1795 super
701 1714 758 1777 hoc
789 1715 931 1797 pontifico
960 1716 1026 1795 ipso
1060 1720 1092 1775 ot
1118 1712 1201 1774 omui

239 1809 352 1892 populo
372 1814 468 1872 terrie.

281 1903 359 1966 Cum
373 1923 445 1985 orgo
465 1922 484 1964 a
504 1902 672 1966 Clunicoo'
692 1902 732 1962 od
754 1902 930 1973 ceritatem,
949 1921 1018 1982 quie
1038 1901 1115 1965 cella
1128 1900 1201 1962 Clu·

189 2002 191 2005 '
238 1995 387 2059 niaocusis
421 1995 551 2057 coeuobii
586 2000 640 2067 est,
671 1993 867 2065 venissemus,
898 1994 1006 2056 didicit
1040 1995 1201 2055 Anselmus

187 2143 189 2146 ,
238 2090 420 2152 comitissam
449 2087 642 2161 Bleisensom,
670 2087 792 2167 majoris
817 2086 962 2148 Willelmi
991 2087 1070 2169 regis
1097 2086 1200 2160 filiam,

238 2183 359 2244 nomine
373 2181 511 2252 Adalum,
526 2182 608 2262 apud
630 2187 762 2243 cestrum
783 2201 873 2241 suum
888 2180 1022 2241 Bleisum
1043 2180 1201 2242 infirmari.

239 2273 340 2338 Vertit
361 2275 465 2356 itequo
494 2275 552 2337 iter
574 2296 635 2356 quo
656 2295 687 2336 se
708 2273 812 2336 Remis
841 2274 892 2346 iic,
913 2274 993 2336 sicut
1020 2295 1040 2335 a
1060 2274 1200 2337 Manusse

239 2368 336 2449 ipsius
364 2368 451 2429 urbis
479 2368 620 2430 antistite
641 2367 749 2429 multis
770 2374 837 2429 crat
857 2372 889 2429 et
917 2368 1039 2428 obnixis
1059 2369 1200 2451 precibus
1245 2385 1255 2405 ·
1317 2383 1319 2388 '

237 2481 292 2542 per
326 2459 537 2522 internuncios
572 2458 791 2539 interpellatus,
823 2459 1023 2539 disposuerat,
1052 2466 1085 2522 st
1120 2461 1199 2523 Blei-

237 2575 306 2616 sum
334 2553 413 2618 abiit
443 2554 483 2615 ad
513 2553 708 2627 comitissam,
728 2567 848 2614 omnem
870 2553 1034 2635 cujuslibet
1054 2555 1201 2638 vituperii

236 2654 340 2709 notam
368 2669 423 2728 pro
451 2668 507 2709 suo
531 2668 612 2709 mone
634 2648 746 2725 ubique
768 2648 916 2709 devitans
959 2649 1031 2728 Ipsa
1050 2650 1201 2729 siquidem

160 2752 184 2809 ‘t
236 2741 391 2802 eomitissa
421 2741 455 2800 in
484 2739 622 2818 pluribus
642 2738 670 2798 oi
692 2743 755 2798 tarn
776 2739 809 2798 in
830 2737 887 2800 hoc
907 2758 998 2819 quum
1020 2747 1052 2802 ot
1079 2743 1112 2802 in
1140 2744 1202 2804 alio

237 2833 329 2896 exilio
360 2833 426 2915 ejus
457 2833 619 2913 magnilica
647 2831 830 2893 liberalitato
859 2833 1095 2907 ministraverat,
1117 2857 1200 2898 cum·

237 2946 296 3007 que
318 2927 397 2988 siout
418 2927 518 2985 virum
540 2931 679 2987 sanctum
700 2943 735 2986 ac
757 2924 929 3005 religiosum
954 2927 1110 2990 vitiosum
1131 2937 1201 3009 post

237 3018 337 3079 Deum
359 3019 567 3078 institutorem
588 3017 721 3096 elegerat
744 3023 836 3095 atquo
858 3023 997 3079 tutorem.
1040 3019 1074 3080 Si
1096 3021 1200 3101 itaque

240 3110 322 3172 illam
343 3117 487 3182 extreme,
509 3116 545 3172 ut
565 3110 730 3184 dicebatur,
750 3115 891 3191 agentem
915 3117 1044 3192 paterna
1070 3134 1199 3193 pruesen·
1269 3144 1270 3147 ¹

240 3203 286 3261 tia
306 3223 368 3263 non
389 3204 538 3272 visitaret,
552 3209 655 3262 notam
674 3203 767 3281 justus
789 3202 1038 3281 reprmhonsionis
1053 3225 1114 3266 non
1129 3226 1199 3267 eva·

240 3294 332 3356 deret.
376 3296 477 3376 Igitur
497 3295 550 3354 ubi
571 3293 610 3355 ad
633 3293 715 3356 illam
738 3294 886 3368 vonimus,
900 3316 1033 3378 eamque,
1055 3297 1199 3380 languora

237 3387 346 3466 sopito,
367 3387 459 3449 sermo
483 3386 672 3449 convaluisse
700 3388 880 3461 invenimus,
901 3391 1019 3453 detenti
1046 3393 1087 3453 ab
1110 3411 1146 3454 oa
1166 3392 1200 3453 in

239 3480 305 3560 ipso
319 3487 417 3542 oestro
439 3500 492 3561 por
506 3481 624 3561 aliquot
637 3481 701 3543 dies
715 3483 917 3545 decentissimi
932 3505 1045 3549 sumus.
1080 3487 1118 3547 Iu
1132 3487 1199 3568 qui·
1210 3503 1331 3556 nuiss

239 3573 296 3635 bus
309 3573 417 3635 dicbus
437 3592 505 3636 euin
526 3595 606 3655 stepo
627 3575 721 3637 verba
740 3583 932 3639 consererent
945 3578 1026 3642 inter
1038 3579 1092 3641 se⁸
1103 3580 1198 3642 antis·

239 3674 285 3730 tes
299 3674 331 3731 et
344 3668 406 3740 illc,
419 3669 548 3731 antistes
563 3669 646 3731 illam
668 3690 722 3751 pro
736 3691 791 3733 suo
811 3671 909 3736 officio
921 3673 1055 3737 studiose
1069 3673 1109 3737 ad
1123 3674 1200 3739 bens

219 3761 388 3842 ‘agendum
410 3761 592 3841 instigando,
607 3761 660 3823 illa
679 3763 850 3825 antistitem
871 3784 927 3846 pro
946 3765 1021 3829 ute
1041 3788 1105 3830 ause
1118 3788 1199 3849 qua·

238 3853 377 3917 nutibus
398 3859 435 3916 ut
456 3860 573 3935 patrem
594 3876 663 3937 quie
683 3856 866 3938 inquirenda
886 3879 950 3922 esso
970 3860 1085 3925 sciebat
1105 3861 1200 3925 inter·

268 4134 339 4206 litto]
354 4150 390 4190 ro.
401 4136 433 4184 Δ.
562 4135 598 4184 set
608 4151 634 4183 ca
769 4139 850 4203 'supe
857 4141 929 4190 onte
936 4145 1153 4192 mucurisin
1159 4144 1197 4208 aa]
1216 4192 1218 4196 Α

267 4206 277 4238 ¹
289 4205 418 4272 elusisse]
432 4207 464 4257 Δ.
475 4204 518 4256 liu
532 4207 680 4259 clanim.
740 4213 813 4263 verta
823 4226 885 4276 upa
896 4214 957 4264 inter
967 4228 993 4265 aa
1002 4224 1159 4277 oensem,
1168 4218 1199 4266 A.
