3136 4890
495 592 645 641 maroam
666 591 824 639 uovoauu
845 591 882 639 m
901 590 1029 639 aruum
1185 581 1247 644 22³

278 776 389 832 eonatu
411 768 552 848 perficere
574 768 753 828 laborabant
767 767 914 847 eompulai
934 772 1015 828 aunt
1057 765 1247 846 Diaponento
1272 779 1385 824 muro

249 862 374 943 'igitur
408 861 604 942 providentia
625 860 734 921 summi
756 860 824 934 Dei,
846 861 878 922 in
910 859 1164 943 praenominatum
1186 858 1247 921 Ro-
1341 882 1367 927 a

191 966 245 1008 ‚aaa
279 957 395 1014 fenaem
428 955 603 1032 episcopum
626 954 730 1012 aubito
750 972 839 1013 versa
859 954 1066 1033 episcoporum
1094 952 1248 1013 sententia

227 1087 228 1090 =
280 1053 334 1117 est,
356 1046 442 1105 illum
475 1046 589 1106 aeilieet
623 1045 655 1105 in
676 1044 838 1127 primatem
870 1044 964 1107 totius
985 1044 1152 1106 Britannia
1176 976 1392 1119 oon-rw*

287 1140 381 1200 atitui
403 1139 600 1218 cupientium,
611 1143 643 1198 et
663 1158 818 1199 assensum
840 1139 919 1222 regia
940 1138 972 1200 in
986 1138 1043 1202 hoo
1062 1138 1121 1201 niti
1141 1158 1248 1221 ooope-
1300 1154 1303 1161 '

281 1234 341 1292 rari
364 1233 595 1311 postulantium.
639 1232 689 1290 Ad
711 1232 791 1309 quod
812 1253 866 1292 rex
888 1233 992 1292 atatim
1006 1237 1127 1294 mutata
1145 1238 1272 1295 meuto‘
1356 1286 1366 1299 .

281 1345 373 1404 quam
396 1325 428 1383 in
450 1324 637 1404 promotione
658 1322 779 1383 abbatia
800 1323 941 1395 habebat.
960 1323 1057 1385 libana
1078 1324 1159 1385 inea
1178 1343 1248 1405 quaa

280 1418 317 1476 do
339 1418 480 1495 episeopo
510 1416 750 1494 suggerebantur
777 1416 914 1475 animum
946 1415 1112 1486 transtulit,
1132 1414 1249 1478 vellant

281 1507 497 1568 tantummodo
520 1507 662 1568 monaehi
685 1513 821 1588 natuque
842 1507 971 1588 majores
990 1515 1023 1569 et
1042 1507 1147 1589 populi
1167 1507 1248 1571 Can·

287 1601 461 1662 tuariensea.
504 1599 571 1662 Nee
591 1620 682 1662 mora
724 1600 904 1681 Requiritm·
931 1601 1020 1681 qualo
1039 1601 1082 1662 sit
1115 1601 1148 1663 in
1179 1602 1275 1665 iatia‘

282 1694 360 1754 velle
383 1714 496 1767 eorum,
518 1699 550 1754 ot
584 1701 658 1755 vota
678 1695 815 1756 omnium
837 1696 1038 1757 inveniuntur
1058 1717 1122 1758 aaao
1143 1716 1248 1771 unum,

290 1789 432 1850 Refertur
461 1789 493 1848 in
516 1788 636 1849 turbam
658 1788 774 1870 negotii
794 1808 921 1864 aumma,
941 1796 973 1853 et
993 1790 1026 1852 in
1046 1789 1168 1853 laudem
1187 1788 1247 1854 Dei

280 1904 334 1963 pro
355 1884 412 1946 hoc
434 1883 599 1944 laxantur¹
622 1884 757 1944 omnium
785 1903 844 1945 ora
888 1883 939 1946 Sic
959 1885 1073 1947 eloctua
1092 1885 1125 1944 in
1146 1886 1247 1967 ponti·

283 1978 406 2038 ficetum
443 1975 694 2038 cantuariensem
727 1976 878 2038 Rodulfua
909 1976 1048 2039 Rosenaia
1090 1977 1247 2061 opiaoopua

285 2080 338 2143 est,
369 2078 400 2133 et
430 2071 651 2152 inexplicabilia
692 2071 802 2134 laetitia
832 2073 915 2134 omni
949 2072 1144 2135 multitudini
1177 2094 1246 2155 qun

283 2166 473 2227 confluxerat
494 2166 604 2227 exindo
624 2172 788 2246 procreata
831 2166 910 2227 Mira
929 2184 1061 2247 namquo
1081 2166 1272 2231 affabilitua'

277 2280 344 2339 qum
384 2260 423 2321 ad
455 2267 579 2321 eunetoa
618 2260 650 2321 in
682 2280 717 2322 eo
750 2260 873 2341 rigebat
902 2265 934 2322 at
962 2281 1032 2322 eum
1063 2281 1245 2344 magnopere

277 2354 364 2433 diligi
387 2362 418 2413 et
439 2354 547 2413 honori
569 2354 635 2432 ejus
656 2352 826 2434 aggaudere
847 2353 960 2415 bonum
981 2355 1154 2434 quemquo¹
1174 2356 1245 2418 trei-

275 2448 353 2507 ebat.
413 2447 544 2508 Audires
575 2448 699 2518 interea,
728 2447 753 2507 ai
782 2447 909 2520 adeam,
940 2448 1053 2510 multos
1081 2466 1144 2510 una
1169 2468 1244 2513 uon·

278 2542 417 2612 clamare,
440 2541 546 2601 “Vere
561 2561 612 2601 eor
634 2542 713 2621 regia
734 2542 766 2600 in
781 2561 874 2601 manu
896 2542 962 2613 Dei,
976 2561 1155 2622 quoeunque
1175 2542 1245 2609 uult

276 2644 290 2666 “
314 2636 446 2696 inclinat
479 2634 579 2695 iilud.''
624 2634 704 2697 Aeta
734 2640 807 2695 aunt
827 2633 892 2696 haro
920 2654 1001 2697 anno
1022 2623 1270 2698 Inoamationia‘

278 2729 458 2790 Dominicm
480 2730 641 2791 millesimo
663 2730 827 2790 centesimo
848 2736 957 2808 quarto
977 2731 1093 2791 decimo
1113 2730 1153 2790 r'a
1174 2730 1242 2792 liat

256 2810 259 2816 ¹
277 2821 360 2893 Maii,
382 2823 494 2901 quinto
516 2823 564 2883 die
588 2829 710 2902 peraeto
731 2823 938 2902 quinquennio
958 2842 978 2883 a
999 2823 1131 2884 tranaitu
1150 2823 1241 2904 glori·

285 2917 414 2975 oaissimi
445 2918 541 2996 patria
572 2916 718 2976 Anaelmi.
770 2915 865 2976 Venit
895 2915 1004 2976 dehine
1044 2914 1386 3015 Centumalum

282 3012 355 3068 xvii.
373 3012 440 3069 Kal.
456 3012 552 3078 Junii,
567 3019 599 3069 ot
619 3010 746 3089 gloriose
766 3029 786 3070 a
806 3010 886 3071 clero
906 3017 938 3070 et
959 3010 1071 3090 populo
1083 3022 1242 3093 auaoaptua
1250 3016 1351 3108 a*

277 3109 331 3173 ost,
352 3110 444 3180 atque
466 3103 506 3164 ab
535 3101 681 3181 episcopia
702 3101 756 3180 qui
788 3100 828 3162 ob
856 3098 913 3164 hoo
941 3109 1148 3164 convenerant
1175 3103 1242 3170 loeo

279 3197 432 3274 pontificia
464 3196 655 3256 auitimatua.
708 3195 781 3276 Egit
818 3202 920 3257 autem
952 3198 1066 3278 primo·
1095 3197 1242 3263 introitus

276 3291 322 3348 sui
356 3289 474 3350 diesin
509 3309 620 3368 magna
649 3287 746 3370 gloria
777 3294 809 3350 et
829 3290 921 3350 diviti
952 3311 1052 3352 rarum
1082 3300 1243 3373 apparatu,

276 3383 483 3463 gaudentibus
519 3383 636 3443 eunetis
657 3382 714 3443 ao'
746 3381 845 3443 Deum
876 3383 1130 3460 collaudantibus,
1158 3387 1242 3469 quod

191 3489 241 3529 ¹aa
271 3477 336 3555 jam
369 3477 492 3536 tandem
536 3482 605 3554 poat
633 3474 785 3535 diutinam
828 3478 1070 3557 expectationem
1109 3479 1241 3544 eodod-
1345 3486 1349 3491 '

275 3589 337 3630 aum
371 3577 522 3649 pastorem
544 3588 605 3628 non
635 3567 673 3628 da
694 3569 829 3630 axtemia
858 3569 912 3631 aad
933 3569 971 3631 da
991 3570 1165 3634 domestici·
1193 3574 1241 3636 ia·
1280 3610 1289 3624 ·

274 3664 401 3725 atituero
423 3664 568 3745 dignatus
589 3661 636 3723 ait

313 3756 387 3818 Poat
408 3756 480 3828 hmo,
512 3756 635 3817 aernotia
659 3775 678 3814 a
709 3755 868 3818 dominatu
898 3757 936 3819 iia
965 3757 1018 3838 qui
1050 3757 1242 3839 pontitomni

272 3851 423 3912 dominari
445 3851 591 3919 solebant,
612 3849 726 3910 locarit
754 3870 833 3921 auos,
854 3857 890 3912 ut
910 3851 968 3912 ribi
989 3850 1113 3931 quidam
1133 3852 1242 3916 melin

303 4069 310 4099 ¹
320 4084 365 4128 pro
376 4069 419 4114 tot
430 4066 554 4130 tmen]
573 4069 682 4113 tonatur
693 4080 736 4126 pro
