3136 4890
83 535 85 538 ’
113 513 173 574 220
326 526 474 573 maroam
496 525 651 572 NOVORUM
673 525 708 571 ΙΝ
728 524 855 571 axonis.

99 695 210 761 nante
232 689 400 761 inchoante,
420 695 543 751 auctum
574 694 628 750 est
671 689 712 749 Et
740 688 805 750 haee
825 687 948 769 quidem
968 686 1071 749 omnia

112 781 258 844 derebus
278 782 408 846 ecclesius
430 779 534 845 icetn¹
554 790 636 857 sunt,
655 782 734 845 sieut
756 787 788 845 et
808 781 906 844 multa
926 801 995 863 queo
1016 799 1070 863 per
1190 813 1192 817 ·

112 876 311 938 Lanirancum
343 877 423 938 sacta
454 876 584 950 suerunt,
614 876 757 937 Anselme
791 877 829 937 de
863 877 926 936 suis
961 881 1071 956 preater

111 966 185 1029 iila²
214 968 374 1049 plurimam
405 969 541 1049 pecuniae
570 969 773 1049 quantitatem
804 969 836 1028 in
871 973 1069 1054 augmentum

110 1060 216 1122 domus
237 1061 294 1124 Dei
316 1061 496 1124 conserente.
550 1062 597 1124 Ex
619 1059 680 1123 iis⁸
701 1081 773 1124 uero
793 1081 861 1142 queo
882 1061 914 1123 in
935 1059 1070 1123 dominio

110 1176 164 1218 suo
179 1157 359 1238 possidebat,
372 1162 404 1219 et
424 1157 587 1219 offerendae
604 1148 727 1237 majoris
747 1156 853 1217 aitaris
867 1156 1069 1228 medietatem,
1128 1238 1130 1243 Ι

109 1248 199 1309 aliam
220 1252 301 1310 enim
331 1251 524 1311 medictatem
557 1255 643 1330 pater
672 1249 859 1311 Lanirancus
888 1247 1067 1320 contulerat,

110 1345 141 1400 ct
161 1343 306 1422 quasdam
328 1347 423 1404 terras
443 1342 482 1404 ad
504 1342 672 1403 subsidium
697 1341 912 1412 monachorum
933 1340 1067 1421 antiqui·

1 1500 2 1508 χ
110 1441 160 1496 tus
181 1436 374 1518 pertinentes,
394 1444 468 1499 tunc
497 1443 600 1500 autem
630 1436 662 1498 in
691 1437 767 1500 alios
796 1457 869 1498 usus
900 1437 1068 1507 distractas,

110 1535 142 1603 et
162 1531 254 1609 pallia
274 1530 363 1591 valde
384 1532 464 1591 bona
492 1551 583 1610 quam
613 1531 752 1610 plurima,
772 1550 808 1590 ao
832 1530 979 1590 nonnulla
1007 1529 1068 1590 alia

109 1619 206 1682 decori
228 1621 333 1683 domus
354 1622 411 1684 Dei
436 1623 638 1704 competentia
664 1623 729 1704 juri
758 1622 888 1685 ecclesius
920 1625 1067 1704 perpetuo

109 1716 289 1796 possidenda
308 1717 460 1780 concessit
501 1717 551 1779 hd
571 1715 642 1782 hoec
694 1716 857 1798 Postquam
879 1717 917 1779 do
937 1714 1068 1780 secundo

107 1810 198 1870 exilio
219 1818 376 1873 reuocatus
396 1820 449 1879 eat,
470 1816 501 1871 et
522 1812 652 1890 quodum
682 1830 754 1888 paco
784 1812 907 1888 potitus,
929 1810 1015 1869 dedit
1035 1809 1067 1868 in

107 1919 196 1979 opera
224 1902 355 1963 ousiosim
384 1902 522 1962 denarios
552 1903 604 1980 qui
633 1900 760 1981 singulis
790 1902 879 1961 aunis
911 1901 948 1962 de
979 1920 1067 1981 paro·

95 1987 221 2055 ⁴chionis
242 1994 372 2057 eeclesiis
393 1995 425 2054 in
447 1994 561 2056 Pascha
582 1995 673 2056 matri
694 1994 825 2057 ecclesian
847 1994 938 2075 pendi
959 1993 1066 2057 solent

105 2088 231 2165 diquius
260 2088 340 2147 enim
369 2106 431 2148 esso
458 2087 613 2165 judicavit
641 2107 692 2147 eos
721 2087 760 2147 ab
789 2088 912 2148 ecclesia
932 2089 982 2149 eui
1011 2108 1066 2168 pro

104 2180 190 2260 signo
210 2179 320 2241 debitae
351 2179 548 2259 subjectionis
578 2179 776 2242 conseruntur
796 2180 951 2261 possideri,
973 2201 1065 2261 quam

103 2273 276 2335 asoeoulari
296 2279 447 2354 potestate
468 2275 554 2354 quasi
583 2294 662 2345 suos,
682 2274 814 2336 obeunte
842 2275 989 2356 episcopo,
1010 2296 1062 2335 nu·
1136 2267 1138 2272 ’
1189 2266 1191 2270 ’

103 2365 182 2435 seni,
202 2385 238 2426 co
267 2368 347 2446 quod
377 2367 445 2427 iilos
476 2368 587 2445 quiquo
614 2367 771 2446 pontificos
801 2387 856 2447 pro
885 2387 939 2429 suo
967 2367 1198 2444 officientem

102 2457 231 2521 anhhac
254 2459 317 2540 juri
347 2460 469 2541 proprio
501 2457 705 2522 vindicabant
749 2459 822 2533 Nec
844 2480 879 2522 eo
909 2460 1063 2536 defuncto,

101 2552 190 2616 aliter
210 2573 245 2616 ac
267 2555 329 2635 ipse
351 2555 541 2635 disposuerat
562 2555 593 2616 in
614 2552 663 2616 his
683 2574 702 2616 a
723 2577 791 2636 roge
813 2564 914 2617 actum
936 2563 990 2629 est,
1010 2557 1063 2618 aod
1144 2580 1147 2587 ⁴

102 2646 134 2706 in
155 2668 191 2708 eo
211 2654 295 2709 statu
316 2668 376 2727 quo
397 2649 552 2709 ecetesiam
583 2655 670 2729 pater
694 2650 758 2729 ipse
780 2649 910 2710 moriens
932 2649 1064 2730 reliquit,

2 2752 6 2759 '
102 2747 167 2803 toto
191 2742 335 2824 temporis
365 2743 465 2824 spatio
496 2762 556 2823 quo
587 2749 707 2823 pastore
738 2744 867 2815 carebat,
889 2742 955 2822 ejus
976 2744 1062 2805 inst-i·

103 2841 171 2896 tuta
192 2844 309 2897 mutare
330 2837 448 2898 consilii
479 2858 542 2898 esso
571 2856 631 2897 non
664 2843 836 2908 autumans,
858 2857 923 2897 eam
945 2856 1064 2898 conscr-

102 2928 202 2990 vabat.
245 2929 308 2990 Pax
344 2923 440 3010 igitur
474 2948 535 3008 qua
570 2928 669 3010 potita
699 2937 745 2990 est
774 2929 823 2991 eui
858 2935 928 3009 post
963 2930 1061 2992 Deum
1088 2969 1092 2977 -

101 3022 277 3085 ascribenda
304 3023 352 3098 sit,
382 3023 457 3086 satis
486 3024 593 3088 clucet.
635 3024 829 3087 Detmetores
858 3024 961 3105 itaquo
982 3026 1061 3087 tanti

80 3117 161 3177 'viri
195 3127 226 3179 at
260 3125 323 3180 tam
358 3120 511 3199 magnifici
547 3117 754 3180 benefactoris,
784 3119 915 3181 oecicsioe
945 3120 1061 3181 Christi
1097 3134 1103 3143 “
1165 3193 1166 3196 ¹

103 3215 236 3288 pareant,
256 3212 385 3283 obsecro,
406 3211 519 3292 lingua
539 3231 624 3286 aum;
646 3219 780 3292 parcent,
801 3209 931 3283 obsecro,
951 3211 1062 3274 animia

102 3320 174 3365 suto.
213 3303 294 3366 Nam
315 3305 340 3366 si
361 3303 416 3368 hos
436 3305 489 3386 qui
519 3311 631 3368 secrete
660 3306 828 3369 detiahunt
848 3307 986 3387 proximo
1006 3325 1062 3368 suo

33 3383 41 3400 ’
104 3399 293 3477 persequitur
313 3398 404 3469 Deua,
425 3400 594 3461 timendum
626 3399 724 3460 fateor
755 3418 793 3460 ne
822 3399 890 3460 illos
910 3400 964 3480 qui
985 3397 1061 3479 pub·

105 3489 160 3553 lios
181 3497 213 3552 et
232 3497 336 3552 eontra
362 3511 483 3573 aequum
514 3493 617 3574 pravis
638 3493 739 3555 verbis
760 3493 923 3556 comedunt
943 3497 1061 3576 patrem

104 3605 193 3647 suum
214 3585 352 3648 (imbuat
371 3586 461 3648 Deua
504 3587 564 3650 His
584 3588 640 3651 hoc
669 3589 757 3650 modo
788 3609 844 3669 pro
872 3586 988 3670 negotii
1008 3606 1061 3648 ns·

76 3734 80 3743 .
104 3679 244 3739 munte
265 3677 415 3740 succincte
436 3680 605 3759 propositis,
626 3680 805 3742 accedamus
823 3679 864 3741 ad
885 3699 932 3742 ras
951 3685 1061 3762 gastos,

24 3950 26 3953 ’
132 3991 141 4025 ι
147 3989 233 4052 saa]
246 3995 305 4048 aa,
315 3987 347 4036 s.
632 3943 795 4055 uentus.
913 4007 914 4010 Ν

150 4060 438 4128 ruam-enatus·
929 4066 935 4073 '
