3136 4890
130 547 188 605 296
332 557 481 604 ursroaul
504 556 662 602 scivouuu
684 556 717 600 rs
740 553 868 600 suumn.

14 743 102 787 arra.
129 727 295 810 horumque
326 729 475 802 similibus
510 728 600 808 regali
637 726 780 788 facundia
813 723 912 795 editis,
944 720 1089 803 prmlatus

129 821 235 883 Petrus
265 843 419 884 assensum
451 823 583 903 pncbcro
615 821 691 882 utile
718 817 881 900 judicavit,
909 813 1087 886 otaunuit.
1168 833 1173 849 ·

128 915 317 996 Quapropter
337 915 418 996 largn
450 915 527 995 regis
551 914 761 976 munificentia
781 911 940 992 magnilicc
960 908 1089 969 honora·

128 1015 184 1081 tus,
206 1012 330 1091 negavit
350 1010 523 1072 omnimodo
551 1033 582 1071 sc
608 1009 652 1070 illi
675 1009 835 1089 quicquam
856 1005 992 1085 antiquus
1020 1003 1087 1082 dig·

127 1104 233 1164 nitatis
254 1104 477 1184 derogaturum,
499 1105 590 1164 immo
618 1110 655 1163 ut
683 1102 843 1183 dignitatis
868 1100 963 1180 ipsius
990 1096 1088 1178 gloria

126 1197 324 1278 undecunque
345 1205 593 1278 augmentaretur
613 1197 776 1277 spopondit
796 1195 887 1275 plena
906 1192 966 1254 fido
986 1191 1087 1254 elabo-

128 1297 270 1352 raturum.
313 1291 376 1353 Pax
410 1291 512 1372 itaque
542 1294 629 1353 tir-ma
657 1293 738 1351 inter
767 1311 817 1351 eos
838 1289 960 1349 firmata
979 1290 1035 1357 cst,
1055 1287 1087 1346 et

127 1385 178 1464 qui
215 1387 306 1467 legati
342 1386 438 1450 otlicio
472 1387 601 1467 suugi
593 1408 625 1447 ιιι
657 1391 723 1448 tota
758 1384 919 1446 Britannis
953 1386 1086 1451 venerat,
1183 1445 1186 1452 .

15 1483 95 1562 *W
56 1478 270 1571 mimmunis
290 1480 330 1540 ab
351 1481 432 1542 ornni
461 1481 557 1542 ollieio
585 1480 640 1540 tali
668 1500 736 1541 curu
761 1478 879 1558 ingenti
899 1495 1009 1557 pompa
1036 1474 1088 1535 via

34 1577 97 1662 Ψ
127 1592 188 1652 qua
208 1581 333 1635 venerat
356 1581 444 1635 extra
465 1575 533 1654 Aug
536 1574 608 1635 liam
629 1594 650 1634 ι
668 1594 719 1652 re„
702 1594 737 1633 cc
758 1573 866 1635 missus
887 1577 943 1631 est
983 1568 1087 1630 Dosris

128 1667 229 1746 itaquo
264 1667 524 1739 transfretaturus,
560 1666 733 1728 contrusio
767 1665 892 1726 hortatu
934 1663 1013 1743 regis
1054 1667 1087 1722 et

125 1759 339 1840 archiepiscopi
369 1761 528 1839 uragniticc
557 1780 576 1820 a
606 1759 750 1819 iratribus
778 1763 936 1836 susceptus
970 1761 1026 1826 cst,
1053 1761 1086 1815 ct

127 1851 276 1911 intereos
297 1851 398 1913 triduo
419 1872 486 1913 cunr
508 1850 698 1929 jocunditate
719 1856 923 1911 corrvcrsatus.
966 1847 1085 1925 Inque

125 1945 268 2024 temporis
296 1945 404 2025 spatio,
434 1945 622 2024 qucrimonia
653 1943 733 2023 apud
769 1963 838 2003 cum
873 1941 1011 2021 deposita
1038 1945 1086 2000 cst

126 2057 179 2114 pro
208 2039 294 2117 gravi
327 2038 438 2116 injuria
468 2060 528 2117 qun
559 2056 638 2117 papa
667 2037 808 2097 Calixtus
828 2034 982 2097 eeclesiam
1005 2032 1086 2094 Can·

125 2130 303 2191 tuaricnsem
333 2132 364 2191 in
392 2150 483 2191 causa
511 2130 675 2190 Thur-stani
699 2128 896 2189 Eboracensis
925 2126 1085 2187 humiliare

123 2241 183 2282 non
205 2225 319 2285 ueritus
340 2231 394 2295 cst,
416 2230 447 2285 et
467 2225 530 2284 suis
552 2221 663 2284 littoris
684 2222 810 2283 eandem
832 2220 1085 2290 humiliationem,

122 2318 231 2378 omissa
261 2319 358 2379 omnis
383 2318 514 2397 justitiae
545 2317 792 2387 consideratione,
817 2317 965 2378 roborare.
1007 2315 1085 2391 Qua)

123 2408 185 2488 ipso
205 2410 264 2470 lcni
287 2410 375 2470 vultu
400 2430 435 2472 ac
456 2411 524 2470 miti
546 2416 647 2471 urento
668 2410 841 2490 suscipiens,
863 2408 1023 2489 privilegia
1045 2409 1086 2470 ab

121 2503 255 2582 antiquis
276 2504 413 2584 patribus
434 2504 506 2564 olim
527 2525 547 2565 a
560 2504 697 2566 Romana
717 2503 787 2565 sedo
808 2523 944 2585 possessa
964 2505 1083 2566 ostendi
1170 2499 1173 2502 ’

121 2597 178 2656 sibi
200 2600 374 2678 postulavit,
396 2605 435 2670 et,
456 2600 480 2659 si
503 2606 571 2660 rata
590 2621 653 2660 esso
674 2600 882 2680 probarentur,
904 2619 973 2678 quas
996 2601 1083 2661 noui·

121 2697 167 2751 ter
201 2693 345 2753 instituta
378 2700 465 2753 eraut
493 2715 524 2753 se
555 2694 691 2772 promisit
726 2693 951 2754 elaboraturum
980 2700 1017 2754 ut
1052 2695 1083 2753 in

120 2784 208 2845 nihili
240 2787 455 2866 redigerentur.
508 2786 694 2846 Prudentum
726 2785 821 2864 igitur
852 2785 968 2846 ratione
1003 2786 1083 2847 viru·

120 2897 185 2936 rum
218 2879 379 2958 probatum
400 2887 454 2949 est,
476 2879 608 2938 bullatas
629 2878 802 2957 antiquitus
823 2885 922 2940 cartas
943 2878 1084 2940 inccndio

119 2971 200 3049 quod
231 2979 326 3032 totam
358 2973 510 3033 eeclesiam
542 2972 669 3032 necdum
699 2972 835 3032 transitis
860 2973 1084 3052 quinquaginta

119 3064 207 3123 annis
227 3064 349 3125 omnino
370 3063 557 3144 consumpsit
585 3084 648 3124 esse
668 3072 869 3145 consumptas,
891 3065 995 3144 paucis
1016 3065 1082 3126 illa·

119 3177 187 3217 rum
209 3158 241 3217 in
262 3157 398 3239 antiquis
419 3159 547 3220 scedulis
569 3157 639 3218 vel¹
662 3159 816 3220 veteribus
841 3158 927 3219 libris
948 3159 1092 3240 quoquo‘
1186 3227 1188 3233 ,

119 3252 209 3311 modu
229 3252 340 3330 raptim
362 3253 552 3333 transcriptis
580 3259 672 3332 atque
697 3253 832 3325 retentis,
853 3271 982 3332 quarum
1004 3254 1083 3316 veri·

120 3349 167 3403 tas
196 3351 228 3404 ct
257 3344 384 3408 Romani
414 3345 485 3405 stilo
514 3345 634 3424 eloquii,
666 3352 699 3406 ct
728 3345 910 3407 auctoritato
934 3347 1000 3427 jam
1029 3368 1083 3429 per

120 3436 356 3516 quadringentos
385 3444 417 3498 et
445 3458 480 3498 eo
509 3438 641 3517 amplius
671 3458 767 3498 annos
796 3440 836 3501 ab
863 3438 1024 3502 ccclesia
1016 3460 1083 3521 ipsa
1095 3464 1217 3516 assu.

6 3540 103 3628 Μαι·
121 3528 295 3590 inconcusso
317 3546 458 3608 possessu,
479 3528 657 3592 declaratur
700 3530 819 3603 Quibus
843 3531 895 3592 ille
914 3533 1082 3614 perspectis

26 3633 91 3671 m
121 3631 213 3698 atquo
244 3621 404 3700 perpensis,
436 3628 566 3682 testatus
595 3623 687 3683 etism
722 3623 809 3704 ipso¹
843 3632 891 3685 est
916 3626 1081 3688 ecclesiam

0 3677 369 3798 gis'i‘scsntusrionsem
400 3733 492 3794 grave
524 3716 615 3776 nimis
646 3722 678 3778 ct
707 3716 940 3780 immoderatum
970 3718 1081 3801 praeju-

120 3806 233 3869 dicium
261 3827 324 3869 esse
352 3828 530 3889 perpessam,
552 3818 584 3871 ct
611 3811 756 3890 quatinus
783 3812 842 3876 hoc
862 3812 996 3877 velocius
1016 3833 1082 3878 cor·

123 3967 205 3976 ...o—-
215 3968 254 3976 —-
260 3969 567 3979 -m--aen———um--o-
574 3973 652 3983 -ρ-
956 3975 1077 3986 -.-

151 4069 321 4132 munau.
621 4074 1084 4143 lrrpcnurmlripolcsrlisrpartci

151 4142 239 4191 'etin
250 4143 309 4207 ι’μι]
322 4143 435 4205 supplied
445 4142 469 4192 la
480 4144 576 4209 margin,
621 4148 692 4205 work,
701 4150 755 4198 MS.
