3136 4890
164 465 223 526 168
373 473 522 523 menonis
543 470 700 521 novoeoni
722 471 756 518 rr
776 469 903 519 enom
964 443 966 446 ’

24 668 141 716 mu
165 657 309 726 occipiunt,
330 654 399 708 clem
427 653 598 721 desponsat,
618 651 787 719 desponeotee
817 654 911 702 contre
930 647 1018 717 legem
1037 645 1257 706 eccle-mm.

54 783 59 794 .
166 741 299 793 einstieem
319 738 432 790 scienter
452 741 554 796 tenent,
575 739 603 786 et
633 733 683 786 sibi
710 730 865 786 defendunt.
907 733 947 784 De
967 717 1123 785 eodomiiie¹
1229 769 1234 780 .

78 853 82 867 ι.
115 846 119 855 ·
167 837 232 889 quoe
252 821 309 888 ipse
328 819 357 871 in
377 832 476 884 megno
495 815 609 868 concilio
629 831 712 882 neque
740 815 775 866 ed
803 812 990 880 pmnitentiem
1014 817 1043 865 oi
1062 827 1124 865 coe·

168 901 307 956 roccionem
327 898 585 959 excommunicastis,
606 913 637 950 eo
665 896 698 949 de
725 894 830 949 crinitis
857 911 923 962 qnos
950 896 979 948 in
1006 892 1126 962 pnseheli

168 983 334 1055 postmodnm
354 982 523 1042 selemim,
538 978 683 1048 pentiflceii
704 979 772 1031 stole
791 977 941 1039 redimitos,
956 993 1045 1029 eorem
1065 976 1126 1028 uni·

168 1081 243 1119 verso
273 1064 371 1133 popolo
400 1080 417 1116 e
447 1062 585 1114 liminibus
613 1065 712 1113 soncior
741 1060 859 1113 ecclosias
879 1060 1039 1120 removistis,
1060 1057 1126 1125 qnid

167 1147 325 1211 dicendum
346 1162 407 1200 eom
428 1151 460 1197 nt
478 1144 608 1198 deberetis
628 1160 682 1196 non
703 1143 859 1202 subvenitis,
873 1158 923 1195 neo
942 1142 986 1194 vol
1006 1157 1076 1193 neue
1096 1140 1126 1193 in

168 1235 225 1282 teto
244 1245 327 1296 regno
346 1228 452 1290 existet,
467 1227 513 1294 qui
534 1226 592 1278 hmo
612 1233 640 1278 et
659 1225 713 1277 elie
733 1226 819 1277 multo
832 1224 889 1298 Deo
908 1229 937 1279 et
956 1223 1030 1277 omni
1050 1238 1127 1275 servo

169 1309 219 1364 Dei
239 1310 373 1364 contrerie
392 1309 450 1362 vice
465 1313 553 1362 restro
572 1307 773 1376 reprehendero
794 1306 899 1370 nudent,
919 1312 974 1360 ont·
986 1305 1127 1360 emendare

169 1393 334 1448 contendet?
376 1393 421 1454 Ee,
434 1392 457 1444 ei
476 1393 615 1445 roritetem
636 1387 717 1443 visitis
737 1390 839 1453 endire,
861 1389 945 1443 seteor
965 1388 1056 1443 omnie
1068 1389 1127 1443 htoo

170 1476 255 1529 multe
275 1475 390 1528 deterius
411 1473 468 1528 deri
489 1491 569 1542 qnnm
589 1473 692 1543 possint
711 1473 810 1540 scripto
826 1472 905 1535 edici,
920 1473 949 1526 in
970 1477 1076 1526 mntem
1096 1477 1128 1526 ut
1141 1462 1150 1495 ·’

120 1550 122 1555 ’
171 1558 228 1627 ipse
256 1558 338 1611 etiem
366 1573 412 1611 rex
438 1548 516 1624 jem¹
535 1562 656 1620 testetur,
683 1571 820 1622 nunquam
849 1560 933 1608 tentes
963 1553 1128 1608 fortitudinis

171 1640 318 1708 nequitiem
338 1639 367 1691 in
388 1639 475 1706 petrin
502 1638 554 1689 iste
574 1637 654 1690 inisse
674 1636 842 1690 sicutmodo
862 1643 910 1690 est.
951 1637 1019 1691 Esco
1038 1641 1154 1691 eetem'·

171 1724 261 1776 omnis
289 1721 381 1792 proonl
409 1721 490 1774 dnbio
510 1737 557 1774 voe
585 1721 670 1773 selom
691 1719 846 1788 respicient,
865 1726 895 1774 ot
914 1725 1009 1775 rosbes
1029 1719 1128 1773 soncti-

171 1805 222 1858 teti
236 1807 410 1874 mutentur.
450 1803 547 1858 Videte
569 1803 651 1870 igitur
663 1809 693 1856 ot
705 1803 836 1855 intendite
856 1803 930 1856 oneri
951 1803 1021 1871 quod
1041 1819 1127 1856 snsce-

172 1888 258 1956 pistie‚
279 1893 307 1940 et
326 1886 370 1940 oei
391 1901 481 1938 eurem
500 1884 559 1951 ejus
579 1885 660 1938 vestri
688 1885 746 1938 loeo
769 1884 960 1952 disponendam
980 1885 1128 1938 commisis-

172 1971 217 2031 tis,
232 1970 337 2037 quondo
357 1985 404 2020 voe
424 1970 470 2035 qni
491 1967 589 2019 talibus
609 1967 716 2019 obviero
730 1967 869 2019 constituti
889 1967 953 2019 estis
973 1967 1129 2036 pronihilo

172 2057 227 2103 tem
241 2051 288 2103 din
308 2039 412 2116 regno⁸
432 2049 459 2100 in
481 2065 534 2116 qno
547 2054 703 2101 exercentur
722 2048 828 2101 ebestie.
869 2048 1040 2102 Oeneidembe
1061 2066 1128 2118 quo·
1182 2100 1185 2104 Α

171 2132 268 2201 qno‚ei
288 2130 363 2185 vebis
383 2131 478 2199 placet,
493 2132 516 2182 ei
537 2147 583 2183 eor
602 2137 720 2184 restrum
742 2131 781 2182 ito
800 2130 850 2183 soii
871 2131 929 2186 Dee
948 2138 1035 2194 vocnt.
1057 2139 1086 2185 ei
1105 2131 1128 2186 ei

171 2215 199 2268 in
229 2220 304 2267 iente
331 2215 472 2267 wenrihte
491 2213 573 2266 vestri
597 2211 654 2280 jem
675 2213 879 2274 conroreemini,
900 2220 932 2266 nt
951 2215 1049 2267 teiibue
1069 2214 1129 2266 eni·

170 2313 274 2350 memm
302 2295 415 2349 miseriis
445 2295 499 2347 elie
528 2292 671 2370 pigilentie
699 2294 907 2349 condescendere
927 2313 981 2349 non
1002 2296 1128 2350 debeeiie.

172 2378 233 2433 Scio
252 2378 386 2448 equidem,
406 2383 435 2430 et
460 2378 527 2430 bene
551 2377 615 2440 seio,
636 2394 684 2431 voe
703 2378 804 2446 optimo
824 2376 892 2431 scire
912 2377 977 2447 quid
997 2385 1038 2432 esi
1058 2378 1130 2447 quod

170 2460 268 2524 fecitis,
299 2460 345 2514 eed
377 2461 465 2528 ipsum
493 2459 561 2513 sciro
591 2466 708 2513 rostrum
737 2476 879 2529 perperam
908 2461 1017 2530 prodest
1043 2462 1129 2515 nobie.

171 2543 299 2596 Fructum
319 2544 417 2596 etenim
438 2542 586 2594 eommunis
607 2543 732 2595 ntilitetie
752 2560 784 2595 cx
805 2549 860 2595 tem
881 2542 1008 2598 diuturno
1020 2545 1130 2610 negotio
1233 2605 1235 2608 Α

171 2632 259 2678 vestro
287 2625 392 2676 nnllnm
423 2625 509 2676 edhno
534 2624 674 2691 procedere
694 2625 824 2686 videmos,
845 2625 1026 2679 mulcentem
1046 2625 1130 2678 vostri
1371 2627 1380 2692 ss,

171 2698 274 2760 eolins‘
297 2706 432 2759 oceeeione
455 2706 484 2757 in
506 2707 617 2758 ecclesie
646 2707 706 2769 Dei,
730 2707 758 2758 in
781 2707 879 2775 popule
910 2698 984 2772 Βοὶ,ι
1011 2708 1131 2776 undique
1361 2615 1378 2856 ι’

170 2805 333 2843 succrescere
352 2791 425 2841 omni
446 2788 490 2840 dio
509 2789 693 2856 conspicimus.

11 2868 152 2957 m
212 2877 254 2937 Et
283 2874 348 2936 haec
379 2874 500 2954 quidem
528 2873 579 2934 illc
605 2874 660 2945 vir,
682 2878 729 2935 iot
757 2874 837 2936 mele
865 2893 981 2948 exosus,
1002 2875 1131 2955 scripsit,
1141 2891 1263 2948 nere.

11 2959 106 3055 π
170 2974 332 3032 eutumens
352 2968 529 3029 Ansclmum
554 2967 676 3029 nonnisi
696 2969 819 3049 proprie
838 2967 996 3031 voluntate
1023 2969 1064 3031 eb
1084 2969 1131 3031 in·
1165 3010 1174 3022 x
1224 3035 1225 3039 ,

170 3083 272 3146 groese
304 3062 424 3144 Angliae
458 3062 610 3125 remoreri.
661 3061 722 3124 Sed
753 3083 858 3125 rovere
889 3083 943 3125 rex
978 3063 1130 3127 Henrieue

170 3158 255 3220 nullo
275 3177 344 3220 eum
364 3163 454 3238 pecto
474 3157 591 3238 ingredi
613 3155 795 3237 petiebatur,
808 3158 876 3230 nisi,
897 3159 1074 3240 postposite,
1094 3163 1131 3242 ut

171 3272 263 3333 cupre
282 3251 482 3324 meminimus,
503 3250 689 3313 oboedientis
708 3270 804 3333 pepse,
817 3251 966 3334 episcopie
986 3257 1019 3316 et
1038 3251 1131 3316 ebbe·
1157 3250 1160 3257 ’

172 3347 255 3409 tibus
288 3346 556 3429 excommunicetis
590 3346 832 3410 communicaret
881 3348 1038 3422 Attamen,
1066 3349 1131 3412 An·

172 3440 266 3503 selm0
294 3439 397 3502 Remis
425 3440 616 3514 consistente,
637 3441 710 3504 illuc
738 3441 820 3504 enim
849 3441 971 3505 obnixis
991 3443 1131 3526 precibus

172 3533 320 3596 entistitis
351 3540 383 3596 et
413 3534 623 3596 esncnicorum
651 3535 747 3617 ipsius
777 3535 835 3599 loci
864 3536 1003 3600 devictus
1023 3536 1131 3614 iceret,

173 3633 213 3702 et
236 3628 344 3708 mejeri
364 3646 455 3709 quem
475 3628 586 3691 litteris
606 3636 699 3710 quest
718 3631 830 3711 exponi
861 3629 974 3694 honore
1004 3630 1130 3695 festivo-

203 3868 595 3934 'nde-itis1sedomitievero,d.
700 3872 1102 3936 1ικιιη·ω1ι·ιιι]ιοιὶιιινιιιιΙ,Δ.

202 3941 436 4006 'jnuesmei
701 3943 854 3993 'ieeeeieeie
864 3945 1130 4013 Deifiepepeiovd]

173 4014 626 4149 ‘aemathiipmbebiybeen
671 4018 1040 4086 inseetcsiestpepnleliss.
