3136 4890
412 505 550 551 assessu
573 505 816 553 sacrararrscoru
837 508 1096 557 caaruaarmma
1181 500 1240 560 421

280 669 392 731 damno
418 672 561 735 animalis
588 680 620 735 ct
647 694 747 735 rerum
775 695 843 755 quas
871 677 905 736 in
925 678 1059 739 mantica
1078 676 1243 739 aemahn·

282 766 333 821 tur
361 766 571 827 contristatam
600 767 792 846 aliquatenus
819 775 953 831 mentem
981 769 1115 841 baberet,
1129 776 1244 839 tamen,

280 855 366 931 quasi
402 877 505 917 corum
541 859 676 918 omniurn
713 861 877 932 immemor,
907 882 962 942 pro
989 882 1051 923 uno
1084 863 1123 923 da
1156 860 1243 922 libris

280 945 377 1005 bostro
406 950 558 1011 memoriae
586 952 682 1029 patris
710 952 845 1013 snselmi
873 955 925 1032 qui
955 956 1035 1015 inter
1069 955 1130 1015 alia
1164 952 1242 1015 inibi

280 1036 450 1099 habebatur
472 1042 604 1103 inclusus
625 1042 713 1103 valde
735 1056 801 1104 emt
821 1045 974 1106 sollicitus
1017 1046 1165 1125 Per-gebat
1185 1045 1242 1125 igi·

281 1135 333 1189 tur
360 1151 414 1211 per
442 1142 566 1213 pontem
594 1137 743 1216 quomodo
771 1144 891 1219 poterat
918 1159 973 1219 pro
1000 1139 1068 1200 libri
1104 1136 1243 1200 custodia

281 1228 312 1281 ct
341 1227 534 1288 restitutione
562 1230 601 1289 ob
628 1232 736 1290 merita
763 1231 845 1290 illius
872 1232 1014 1311 quicum
1042 1230 1152 1293 lecerat
1181 1230 1243 1291 De·

281 1316 399 1377 minum
421 1339 517 1392 omns,
540 1329 572 1381 et
592 1343 685 1402 equus
713 1325 745 1382 in
768 1324 974 1402 profunditate
1001 1324 1110 1384 tumidi
1132 1324 1243 1384 lluctua

282 1410 428 1472 tendebat
456 1415 495 1474 ad
525 1415 620 1494 ripam
649 1415 721 1475 sorti
749 1416 905 1475 conamine
928 1422 1043 1475 natans
1085 1414 1168 1490 Quid
1194 1414 1242 1474 di·

281 1508 370 1563 carul
412 1506 550 1586 Utrique,
571 1528 692 1567 emenso
713 1507 828 1577 itinere,
849 1507 906 1567 istc
928 1507 1037 1587 pontis,
1060 1505 1111 1567 illo
1140 1506 1242 1566 llumi·

271 1595 338 1663 nis,
373 1598 551 1661 altrinsecus
586 1621 650 1660 soso
684 1599 835 1661 consecuti
869 1604 950 1661 aunt
1000 1598 1072 1659 llox
1105 1598 1244 1678 deposita

283 1691 416 1752 mantica
436 1697 468 1751 ct
489 1698 629 1763 resumta,
650 1699 686 1752 ut
706 1712 766 1772 qua
787 1691 877 1774 plena
898 1692 1063 1752 timebatur
1089 1709 1170 1771 aqua
1188 1709 1243 1751 ex·

282 1788 442 1851 miteretur,
465 1786 658 1864 reperiuntur
687 1785 789 1845 omnia
818 1805 886 1864 quac
916 1785 999 1844 intus
1022 1791 1112 1845 amnt
1131 1790 1243 1864 practer

283 1893 373 1933 arnam
409 1878 504 1935 solam
540 1878 650 1937 lincam
686 1886 800 1938 vestem
835 1879 880 1938 ita
913 1878 953 1937 ab
980 1877 1106 1936 humore
1136 1895 1242 1945 vacua

283 1968 368 2043 quasi
391 1969 494 2028 eadem
517 1970 649 2031 mantica
670 1989 824 2048 nunquam
846 1971 944 2031 tincta
964 1969 1071 2030 luisset
1101 1968 1133 2029 in
1153 1986 1241 2048 aqua

282 2058 431 2119 Reversus
463 2063 501 2122 ad
527 2064 699 2143 episcopum
721 2083 783 2122 rem
804 2068 928 2141 gestam,
951 2082 998 2122 nro
1019 2064 1174 2141 praesente,
1195 2080 1241 2122 re·

162 2147 169 2159 '
283 2153 363 2223 tulit,
386 2160 417 2213 et
439 2157 470 2214 in
492 2156 610 2215 laudem
632 2156 688 2215 Dei
710 2156 899 2215 audientium
921 2174 975 2215 ura
994 2154 1127 2215 resolvit

324 2245 396 2304 lxxi.
436 2248 516 2308 llinc
546 2249 598 2307 tini
635 2268 764 2327 pricaeus
792 2248 968 2326 opusculum
1000 2246 1136 2316 subdam,
1165 2245 1240 2306 dum

281 2360 385 2399 onmes
421 2341 451 2398 id
488 2340 602 2420 legerc¹
636 2341 684 2400 vel
714 2340 819 2400 smlirc
848 2340 1008 2419 dignantes
1039 2338 1123 2418 priua
1154 2337 1239 2399 brevi

280 2453 483 2493 commoneam
518 2433 663 2512 quatinus
692 2432 777 2494 nulla
797 2432 1010 2493 incredulitate
1040 2450 1078 2492 ex
1107 2431 1145 2491 iia
1172 2450 1241 2511 qun

281 2525 432 2603 ‹leseripta
461 2531 534 2585 siant
563 2534 694 2585 mentem
724 2526 890 2585 vulnerent.
943 2524 1067 2585 Talibus
1096 2524 1177 2584 cnim
1207 2524 1240 2584 in

281 2618 324 2675 eis
354 2618 519 2678 scribendis
547 2620 722 2679 auctoribus
754 2639 825 2678 usus
855 2637 930 2688 sum,
952 2618 984 2677 in
1014 2636 1142 2697 quonam
1163 2615 1241 2677 tela·

282 2710 386 2771 tione¹
408 2732 526 2771 omnem
549 2713 692 2771 salsitatis
717 2711 916 2790 suspicionem
937 2709 1040 2789 procul
1059 2710 1163 2770 abesae
1182 2708 1238 2769 du·

281 2804 349 2862 bins
382 2824 443 2864 non
473 2825 547 2863 suna.
601 2804 757 2882 Siquidem
787 2803 917 2881 plurima
945 2822 1014 2880 quae
1048 2802 1137 2881 primi
1168 2798 1237 2861 libri

281 2897 374 2955 series
395 2898 532 2956 continet
552 2916 589 2955 ex
612 2896 711 2955 verbis
735 2894 869 2971 ejusdcm
891 2896 1006 2973 patris⁸
1025 2893 1140 2971 collegi.
1182 2890 1239 2953 So·

281 2988 364 3047 lebat
394 2990 475 3048 enim
510 3007 736 3066 nonnunquam.
765 2994 800 3045 ut
831 2985 920 3045 bomo
945 2984 1134 3063 jocunditate
1162 3002 1238 3065 pm·

281 3082 495 3151 mantissimas,
518 3083 597 3140 inter
627 3080 688 3138 alia
719 3079 800 3139 dicta
829 3096 884 3136 sua
912 3078 997 3157 quasi
1027 3076 1134 3137 ludent
1162 3074 1238 3155 quid

281 3194 364 3253 puer,
378 3177 452 3253 quid
470 3175 602 3252 juvenis,
617 3173 690 3251 quid
711 3178 783 3230 anto
804 3177 975 3248 susceptum
992 3168 1131 3229 monachi
1152 3166 1238 3231 habi·

282 3272 356 3335 tum,
388 3266 461 3345 quid
495 3266 527 3324 in
559 3267 624 3344 ipso
652 3264 757 3322 habitu
788 3262 911 3342 positus,
940 3259 1012 3339 quid
1043 3260 1133 3340 prior,
1162 3256 1238 3339 qnid

285 3359 378 3418 abbas
400 3359 505 3439 egerit,
518 3358 646 3437 simplici
668 3375 802 3417 sermono
824 3354 949 3426 referre;
969 3358 1133 3412 autumans
1152 3350 1240 3413 audi·

280 3460 365 3510 entes
396 3451 499 3509 eadem
531 3469 591 3527 qua
623 3447 817 3507 serebantur⁴
839 3446 1008 3505 intentione
1037 3451 1070 3504 ct
1098 3443 1238 3523 perlutae·

281 3545 355 3603 toric
388 3542 441 3602 illa
470 3543 626 3621 suscipere.
670 3540 806 3599 Essem
834 3557 902 3615 quau
931 3537 1012 3596 inter
1041 3536 1185 3597 miracula
1205 3536 1237 3595 iu

280 3636 345 3714 ipso
367 3635 468 3694 libello
489 3641 712 3713 computantur,
726 3629 862 3709 quaedam
883 3647 903 3688 a
925 3626 1084 3697 Balduino,
1097 3626 1237 3707 quaedam

278 3748 298 3788 u
329 3731 456 3799 llosone,
476 3728 613 3808 quaedam
643 3745 663 3786 a
693 3723 821 3794 Ricullo,
849 3720 1003 3784 mammis
1032 3719 1237 3793 Βοωωὶδα

275 3865 543 3880 “-...-

309 3925 315 3953 ¹
327 3925 415 3987 tepere]
429 3927 550 3985 diligente·
561 3926 644 3983 tegere,
656 3926 682 3969 lt.
812 3918 978 3981 armanus]
991 3920 1153 3973 ninum.
1164 3918 1192 3965 Ι.

309 3995 450 4057 ¹relations]
466 3997 612 4051 revelatione,
625 3998 655 4040 Λ.
811 3995 820 4023 ⁸
833 3992 946 4053 incl-m]
959 3994 1067 4043 ima.
1079 3992 1109 4037 Κ.

307 4065 415 4129 'putruJ
430 4070 501 4127 paam
513 4068 629 4121 Auximi,
640 4066 658 4112 1.
811 4065 821 4095 ⁸
832 4063 963 4125 uadunt]
975 4064 1104 4115 wlm-
1114 4060 1142 4107 Ι·
