3150 4994
194 491 253 548 318
430 502 471 546 na
492 501 566 546 vira
590 501 627 545 ur
648 495 909 546 convomuerunt

190 682 241 743 aeti
257 690 289 745 et
305 682 380 745 aliea
401 702 470 763 qum
491 682 655 763 rogabatur
674 679 829 742 etudiooe¹
852 679 993 742 docendo.
1026 677 1154 757 Propter

189 795 256 854 qua
294 776 398 837 etudia
442 795 511 838 curn
539 795 647 856 corpur
687 773 800 855 vigiliis
843 772 955 854 frigore
983 776 1016 833 et
1051 770 1154 833 inedia
1246 795 1248 798 ⁴

122 907 129 921 ·
189 870 341 953 fatigaret,
368 871 454 933 venit
481 871 509 933 ei
537 871 569 931 iu
598 875 731 932 mentem
759 868 832 950 quia
861 869 887 930 ei
916 867 1020 948 aliquo
1049 887 1153 929 mona·

117 1006 128 1015 -
186 965 269 1036 chun,
293 972 329 1027 ut
359 966 431 1027 oiiru
461 955 666 1045 proposuerat,
691 969 778 1033 earet,
807 964 923 1025 acriora
942 981 1034 1042 quam
1055 961 1152 1042 patie-

187 1057 278 1120 batur
312 1079 381 1121 eum
414 1059 478 1139 pati
511 1077 572 1119 nou
603 1063 764 1138 oporteret,
793 1076 849 1119 noe
877 1060 952 1119 tunc
971 1055 1020 1117 eui
1040 1054 1153 1118 laboris
1209 1080 1213 1086 ·

186 1152 329 1213 meritum
350 1152 490 1232 perderet
510 1150 589 1230 quod
611 1170 693 1212 nunc
714 1159 818 1211 utrum
845 1149 904 1210 eibi
934 1154 1071 1209 maneret
1091 1167 1152 1209 nou

186 1245 392 1325 perapieiebat
436 1244 503 1305 Hoc
524 1264 594 1323 ergo
616 1250 716 1304 monte
737 1250 892 1324 concepto,
923 1247 1021 1303 totam
1052 1241 1152 1302 inten-

187 1338 299 1401 tionem
333 1359 418 1400 suam
453 1338 492 1399 ad
521 1338 700 1418 placendum
736 1337 801 1399 Deo
832 1336 962 1418 dirigere
991 1336 1093 1417 erepit,
1120 1341 1153 1398 et

187 1431 356 1512 spernendo
391 1431 538 1491 mundum
574 1452 641 1493 cum
674 1430 925 1493 oblectaminibus
953 1429 1017 1490 auis
1048 1449 1153 1491 revera

156 1564 158 1569 >
186 1526 271 1607 cupit
291 1525 355 1587 fieri
377 1524 546 1587 inonachus.
589 1525 670 1600 Quid
699 1525 810 1606 plura?
851 1523 983 1606 cogitat
1006 1525 1059 1586 ubi
1089 1546 1152 1586 mc·

189 1619 247 1677 iim
261 1620 402 1697 persicum
423 1625 516 1696 queat
536 1615 625 1694 quod
640 1618 737 1677 iuuere
759 1617 918 1686 desiderat,
933 1622 965 1675 ct
986 1614 1031 1676 ita
1050 1635 1151 1677 aecum
1272 1695 1276 1703 Ι

189 1714 308 1779 tractat,
333 1707 459 1778 ‘'Eece''
495 1708 603 1787 inquit,
634 1707 824 1770 '‘uronacbua
852 1709 932 1769 fiam.
984 1706 1044 1768 Sed
1073 1707 1151 1770 ubit

189 1804 260 1864 “Si
282 1803 419 1865 Cluniaci
442 1802 490 1863 vel
520 1802 616 1872 Burei,
638 1807 735 1862 toturn
767 1808 886 1882 tempus
917 1801 998 1882 quod
1028 1801 1060 1862 in
1089 1802 1149 1862 dia·

189 1904 204 1930 ⁴¹
224 1898 326 1959 cendio
354 1897 465 1957 littorio
493 1897 577 1976 poaui
600 1896 725 1976 perdidi.
769 1896 849 1957 Nam
871 1903 902 1958 et
929 1895 1068 1958 cluniaci
1088 1895 1150 1957 diu·

189 1997 203 2021 ‘¹
225 1990 326 2053 trictio
359 1990 482 2059 ordiniu,
521 1996 552 2048 et
591 1989 678 2051 Becci
718 1989 946 2068 supereminens
986 1989 1287 2067 prudentiarum

187 2091 203 2114 '⁸
225 2081 387 2144 lanfnnei
409 2082 462 2162 qui
486 2080 548 2141 illic
570 2079 735 2142 inonachus
758 2086 813 2152 eat
835 2102 883 2143 me
905 2087 961 2142 aut
982 2079 1060 2142 nulli
1082 2101 1151 2163 pro·

187 2183 203 2207 ‘⁸
222 2177 383 2247 deaec‚aut
406 2174 496 2235 nihili
519 2174 619 2236 valere
644 2174 862 2256 comprobabit
904 2176 1013 2257 Itaque
1039 2175 1072 2238 iu
1094 2175 1150 2239 tali

186 2276 202 2303 ⁶
222 2268 286 2331 loco
312 2268 462 2349 perficiam
482 2269 563 2348 quod
591 2269 727 2349 dispono,
750 2270 782 2330 iu
809 2289 871 2349 ‹puo
897 2275 930 2332 et
950 2270 1025 2332 scire
1049 2290 1150 2333 meum

53 2402 67 2422 .
186 2370 202 2394 ⁴¹
223 2363 333 2443 poesim
362 2363 520 2424 ostendere
542 2370 574 2423 et
602 2363 707 2424 multia
734 2363 901 2445 prodeuoe”
950 2364 1025 2426 Huc
1046 2372 1083 2428 ut
1104 2365 1151 2427 lu·

187 2457 260 2517 dona
302 2457 431 2538 ipaemct
472 2456 583 2517 referre
601 2471 603 2475 ’
621 2456 740 2519 solebat
783 2478 884 2521 eccum
934 2459 1150 2524 meditabatur.

187 2548 398 2630 Addebatque,
418 2549 584 2613 “Necdum
606 2571 688 2611 cram
710 2551 870 2624 edomitus,
895 2553 1025 2615 necdum
1047 2555 1079 2614 iu
1100 2573 1149 2616 mo

189 2649 204 2674 ¹·
226 2644 347 2723 vigebat
382 2644 488 2703 mundi
523 2651 724 2724 contemptur.
767 2644 858 2706 Unde
897 2647 978 2726 quod
1014 2667 1079 2728 ago,
1114 2652 1151 2709 ut

188 2746 203 2769 ¹⁸
225 2738 377 2818 probabam.
415 2738 512 2798 iretur
546 2738 674 2798 aliorum
716 2739 842 2801 caritate
877 2740 1022 2813 dicebam,
1057 2760 1149 2822 quarn

188 2838 203 2862 '⁸
224 2830 401 2891 damnosum
422 2837 499 2890 eruet
522 2850 583 2892 non
613 2831 836 2892 advertebam.''
877 2832 1075 2896 Postmodum
1095 2853 1149 2895 au·

188 2927 248 2981 tom
270 2923 302 2982 in
331 2944 362 2983 aa
391 2942 535 2993 revereor,
568 2923 720 2997 “Quieti’'
750 2925 860 3004 inquit
882 2925 1024 2988 “Eusene
1044 2945 1149 2987 mona·

186 3024 202 3047 ‘³
221 3016 296 3077 chuc
317 3016 373 3078 boe
392 3020 450 3086 eut,
471 3016 547 3077 reite
577 3017 693 3079 ocilieet
720 3019 789 3078 aliie
821 3020 965 3100 proponi,
987 3040 1050 3101 lira>
1080 3019 1150 3081 aliia

186 3115 202 3139 ‘¹
222 3107 370 3180 honorari,
390 3116 461 3170 ante
482 3108 557 3170 aliea
578 3110 789 3190 magnificari?
831 3111 910 3173 Non.
951 3112 1020 3175 Illic
1046 3111 1150 3194 igitur,

186 3209 201 3234 '¹
222 3203 359 3283 deposita
391 3206 588 3275 contumacia,
622 3205 787 3266 monachus
820 3206 939 3278 deveni,
978 3207 1040 3278 ubi,
1069 3207 1150 3269 aient

185 3302 201 3326 ‘¹
222 3316 342 3375 aequuru
363 3303 418 3366 eat,
431 3297 548 3357 eunctis
568 3304 692 3377 propter
712 3297 812 3357 Deum
832 3298 1033 3378 postponaris,
1058 3318 1148 3362 eunc-

186 3392 202 3417 “
223 3388 417 3468 tiaabjeetior
438 3387 586 3459 habearis,
606 3409 669 3470 pne
690 3390 807 3451 cunctis
827 3389 1066 3471 parvipendaris,
1108 3391 1150 3453 Et

186 3485 203 3511 ‘⁸
224 3480 276 3539 ubi
296 3480 353 3542 hoe
373 3502 436 3542 auae
458 3482 591 3561 poterit?
626 3483 776 3562 Equidem
797 3483 893 3545 Bcea'a
928 3483 977 3545 Ibi
997 3483 1148 3564 siquidem

186 3579 202 3604 ‘¹
222 3572 334 3633 nullior
361 3573 501 3654 ponderis
528 3596 587 3646 ero,
614 3576 859 3656 quandoquidem
881 3574 933 3638 illo
953 3576 997 3638 ibi
1018 3578 1150 3659 estqui,

185 3672 202 3696 ‘¹
223 3665 429 3746 praeminentis
449 3667 607 3748 sapientire
628 3669 693 3732 luce
722 3671 910 3751 conspicuus,
929 3671 1047 3733 urnefla
1066 3671 1149 3732 ruffi·

186 3767 203 3793 '⁸
223 3760 314 3832 ciana,
333 3761 450 3823 eunetia
470 3770 518 3824 est
536 3762 724 3824 honorabilia
744 3771 777 3824 et
797 3770 946 3846 aceeptua
987 3763 1058 3828 Illic
1077 3783 1149 3848 ergo

186 3861 204 3887 ‘¹
225 3856 342 3936 requiae
363 3875 438 3927 mea,
451 3855 513 3919 illie
532 3856 614 3919 aoiua
633 3856 717 3919 Deua
737 3857 871 3922 intentio
891 3878 968 3931 maa,
980 3857 1047 3922 illic
1065 3859 1149 3921 noluo

549 4063 679 4129 ὀίω]
694 4065 817 4117 uun
