3136 4890
198 553 201 558 ·
245 524 305 594 226
457 536 607 585 nrsronra
628 537 786 586 sovounu
808 537 844 585 nv
864 531 994 586 anatra

101 727 217 773 murra
244 711 276 771 in
305 729 338 772 aa
371 711 491 781 deiecit,
525 716 560 770 ut
595 711 627 769 in
671 711 770 770 medio
808 710 895 771 alveo
929 709 977 769 ani
1012 711 1106 770 etiam
1139 727 1208 788 par·

244 803 375 864 vissimm
402 819 496 863 naves
516 800 556 861 ab
586 801 743 881 penuriam
777 818 865 882 aqum
891 799 971 862 elabi
991 798 1207 882 aliquatenus¹

243 896 367 960 minime
387 900 516 978 possent.
560 893 624 961 Nee
644 894 726 960 hune
746 894 898 960 deiectum
918 894 1001 959 solus
1021 893 1073 958 ille
1094 893 1208 958 fluvius
1297 911 1300 916 “

243 990 309 1069 ipsa
328 991 378 1050 dia
399 1009 505 1069 passus
534 995 598 1060 est;
632 989 766 1052 Tamisia
795 989 994 1051 nihilominus
1022 989 1122 1051 eidem
1154 988 1208 1052 itia

119 1146 125 1156 ,
242 1082 292 1143 die
320 1080 452 1144 defectui
479 1081 587 1163 patuit
631 1080 727 1143 *Nam
758 1081 839 1144 inter
870 1085 994 1163 pentem
1029 1086 1062 1142 et
1091 1080 1206 1162 regiam
1271 1097 1274 1105 ’

243 1173 360 1247 turrim,
389 1174 446 1237 sub
475 1179 568 1256 ponte
596 1175 688 1237 etiam
717 1175 750 1236 in
785 1180 907 1238 tantum
942 1173 1077 1236 fluminis
1111 1173 1207 1256 ipsius

242 1287 321 1346 aqua
341 1268 493 1330 diminuta
506 1275 560 1340 est,
576 1274 613 1330 ut
632 1288 694 1330 non
714 1269 812 1329 solum
834 1270 905 1348 equi
926 1269 980 1332 sed
1000 1267 1033 1330 et
1047 1269 1206 1330 innumera

243 1357 400 1426 hominum
420 1365 453 1421 et
472 1379 634 1440 puerorum
665 1359 831 1423 multitudo
851 1359 929 1428 iilud
957 1358 1086 1442 pedibus
1107 1364 1206 1421 trans·

239 1448 397 1527 variarunt,
416 1473 496 1535 aqua
516 1454 569 1514 vix
589 1473 690 1536 gemm
710 1474 815 1518 eorum
829 1455 1017 1536 attingente.
1069 1451 1205 1516 Duravit

243 1551 345 1609 autem
366 1547 416 1611 hie
436 1566 523 1626 aqum
547 1548 721 1609 defeetusa
749 1549 849 1610 medio
877 1549 974 1611 noetis
1005 1547 1204 1626 praecedentis

245 1637 392 1721 usquein
413 1639 577 1723 profrmdas
598 1639 737 1704 tenebras
765 1641 861 1705 noetis
882 1639 1104 1723 subsequentis,
1124 1639 1205 1705 sieut

242 1732 265 1796 ii
296 1735 400 1799 testati
432 1740 505 1798 sunt
532 1741 565 1799 et
592 1735 747 1817 hueusque
775 1741 928 1800 testantur
958 1736 1011 1817 qui
1041 1741 1204 1816 praesentes
1260 1759 1262 1765 ¹

243 1826 304 1889 ista
330 1827 480 1900 viderunt,
510 1835 543 1888 et
573 1828 804 1890 transvadantes
835 1829 1100 1891 transvadantium
1131 1827 1203 1891 soeii
1299 1838 1302 1844 “

242 1920 419 1985 extitemnt
470 1920 606 1984 Similem
637 1941 755 2003 quoque
786 1941 932 2004 minarum
962 1919 1114 1986 desectum
1134 1921 1227 2004 ipso-

241 2015 291 2078 die
310 2017 391 2096 apud
413 2016 652 2078 Gememutham
676 2023 708 2077 et
737 2017 769 2076 in
790 2016 859 2079 aliia
879 2017 953 2079 loeis
980 2037 1036 2097 par
1055 2016 1200 2098 ungriam
1214 2035 1338 2086 ιιμιιι.

213 2121 214 2125 ’
239 2113 321 2172 certo
342 2108 439 2171 relatu
459 2108 621 2189 contigisse
642 2107 812 2172 didicimus.

82 2210 196 2301 vm*
278 2202 398 2267 Dehine
419 2200 486 2266 Kal.
508 2202 690 2266 Novembris
718 2203 869 2267 Radutfus
889 2203 1131 2287 arehiepiseopus
1151 2227 1200 2269 sa·
1246 2280 1248 2283 ¹

80 2305 182 2392 iffi«
237 2300 335 2360 cmvit
354 2298 529 2359 Cantnarim
543 2299 576 2357 in
590 2299 748 2378 metropoli
768 2301 838 2361 sede
858 2300 1022 2361 Alboldum
1043 2302 1201 2368 &coensis
1251 2355 1258 2362 .

81 2395 168 2482 w·
235 2389 364 2451 eoenobii
386 2390 572 2465 monachum,
592 2393 679 2474 eujus
699 2394 731 2454 in
752 2398 862 2476 quarto
880 2395 959 2460 libro
978 2398 1113 2478 prefata
1127 2396 1201 2462 itis·

79 2486 195 2584 ΜΝ
237 2483 322 2547 terim
357 2486 557 2561 meminimus,
584 2488 624 2551 ad
659 2488 792 2571 regimen
827 2489 957 2555 abbatim
986 2492 1092 2559 Sancti
1119 2496 1199 2559 Ead-

235 2577 363 2641 mnndi¹
570 2584 575 2595 '
922 2602 925 2608 ·
1130 2619 1132 2622 ·

82 2677 218 2728 huet«
277 2672 336 2734 His
366 2672 472 2735 diebus
504 2672 587 2733 missi
616 2680 688 2738 sunt
709 2676 835 2740 Romam
863 2681 975 2756 nuncii,
997 2683 1050 2762 qui
1071 2683 1197 2764 pallium

80 2737 217 2858 W
235 2767 457 2848 auehiepiseopo
472 2768 683 2832 cantuariensi
704 2770 744 2831 ab
765 2772 929 2850 nlmatalica
949 2774 1018 2835 sede
1039 2775 1199 2839 deferrent.

80 2860 173 2909 W·
235 2857 374 2922 Fuerunt
393 2869 495 2924 antam
510 2862 551 2935 hi,
565 2860 721 2924 iohannes
742 2863 907 2926 monachus
926 2864 1019 2946 Sagii,
1034 2867 1087 2948 qui
1108 2869 1198 2949 panto

234 2952 381 3016 antehae
402 2955 466 3018 dies
495 2956 527 3017 in
548 2954 690 3018 abbatam
719 2955 906 3021 Burehorum
935 2966 1006 3039 post
1036 2960 1203 3041 praefatum

234 3045 396 3109 Emutium
431 3049 544 3112 electus
579 3050 679 3111 iuerat
720 3054 752 3112 et
785 3057 984 3126 eonsecratus,
1019 3051 1196 3135 Wameriua

233 3140 397 3206 monachus
427 3141 664 3215 cantuariensis,
699 3149 730 3205 et
760 3142 917 3209 iohannes
945 3144 1079 3222 ctericus,
1114 3147 1195 3211 filius

233 3235 342 3296 rororis
370 3236 593 3319 archiepiscopi.
636 3238 697 3313 Qui
729 3237 857 3302 Romam
888 3241 1047 3306 venientes
1077 3243 1195 3309 litteras
1259 3289 1264 3298 -

234 3328 312 3408 regis
332 3330 498 3413 Anglornm
519 3339 551 3394 et
571 3330 794 3415 arehiepiseopi,
814 3341 981 3399 conventus
995 3357 1115 3420 quoqne
1135 3339 1195 3402 aa·
1220 3355 1227 3364 '

234 3427 315 3484 trum
350 3425 479 3489 eeclesia
513 3425 748 3500 cantuariensis,
782 3434 815 3490 et
847 3430 1024 3512 singulatim
1058 3433 1195 3495 amnium

236 3533 312 3595 pena
341 3517 548 3600 episeoporum
578 3520 699 3602 Angue
734 3521 858 3585 domino
888 3544 975 3606 papae
1009 3525 1193 3590 detulerunt

233 3608 369 3684 Quarum
399 3612 569 3677 litterarum
590 3634 665 3676 unas
694 3616 732 3678 de
755 3618 897 3680 omnibus
924 3617 974 3684 hie
1000 3641 1111 3704 penem
1131 3641 1193 3684 non
1233 3697 1236 3702 ,

231 3703 271 3765 ab
290 3724 323 3767 ra
341 3706 567 3782 estimavimus,
586 3707 722 3773 volentes
742 3717 774 3774 at
793 3712 922 3778 aliarum
940 3733 1046 3779 senam
1059 3734 1113 3800 per
1126 3714 1194 3781 illa

230 3798 360 3880 ignoret
400 3799 471 3863 Sint
491 3801 585 3883 igitur
604 3802 661 3867 hm.

260 4068 268 4100 ¹
279 4065 439 4133 atiquatenus]
452 4068 501 4118 na
510 4068 534 4117 in
545 4071 575 4119 Α.
705 4073 711 4137 Ι
753 4073 763 4106 ¹
773 4073 923 4148 Bedunia]
936 4075 1075 4138 masat,
1085 4077 1118 4129 Δ.
