3136 4890
241 576 301 641 270
454 592 602 638 rrrsronrs
624 591 781 638 rovonuu
804 591 987 639 ruinosis.

240 776 258 800 ‘⁸
280 775 464 843 rsgstsntor.”
514 776 582 848 Vos
600 775 700 844 itoquo.
726 777 830 838 fratres,
850 775 908 828 hmo
930 774 1084 843 spostoliosr
1111 779 1201 828 sueto·

182 903 184 906 Α
234 858 338 932 ‘rito'tis¹
362 857 487 928 mundet·
520 873 582 909 eum
617 853 756 911 elueritsto
784 863 812 910 et
845 856 1018 925 snbjeotionis
1051 857 1202 910 reverentis

238 941 379 1009 seditoot
401 938 536 1008 suscipito.
565 945 593 993 et
619 957 680 994 rum
709 941 821 1010 prselsto
847 942 930 995 listro
953 946 1046 995 nostro
1068 938 1202 1009 srolrlepi·
1253 933 1254 937 ’

207 1027 211 1038 “
238 1041 316 1092 scopo
330 1032 418 1077 restro
439 1024 467 1075 in
491 1041 575 1078 messe
596 1024 644 1077 Dei
667 1025 793 1085 lsbornto,
808 1024 922 1076 seientes
943 1039 991 1076 ros
1013 1023 1077 1076 inde
1100 1039 1200 1075 meroe·
1296 1053 1298 1057 ·

237 1105 297 1158 dem
331 1105 427 1158 bonnm
462 1105 605 1158 hobitums.
661 1106 690 1159 Si
726 1111 816 1159 sutem
847 1105 936 1175 quiris
957 1105 1016 1159 hreo
1047 1104 1202 1175 perturbere

236 1189 360 1251 soluerit,
383 1195 411 1243 ot
438 1194 535 1242 nostros
556 1188 724 1242 diffinitionis
744 1193 846 1242 stotolo
879 1189 1006 1242 divellere
1033 1187 1201 1242 contenderit

237 1287 267 1322 so
287 1270 396 1332 riolsro,
410 1270 478 1323 seint
493 1287 521 1322 so
542 1279 635 1322 oontrs
656 1272 744 1338 ipsum
767 1272 861 1323 mnndl
884 1272 1049 1324 Sslrutorom
1073 1275 1102 1323 et
1123 1269 1200 1321 noso

238 1352 309 1404 Petri
332 1353 515 1405 nuetoritstern
541 1353 602 1412 niti.
616 1358 645 1407 ot
668 1353 728 1407 ideo
752 1353 805 1405 nisi
827 1353 970 1422 resipuerit
993 1359 1101 1406 mierum
1125 1350 1199 1404 dum·

238 1435 354 1486 notionis
374 1435 534 1488 sententium
549 1436 690 1489 ineurrero.
733 1437 804 1489 Deus
824 1453 872 1490 ros
893 1436 1041 1489 incolumes
1055 1433 1199 1498 custodiet,

238 1516 404 1570 dilectissimi
426 1513 547 1585 iratresi

153 1808 177 1863 4
421 1765 481 1827 Leo
498 1786 586 1848 pem
606 1765 776 1828 Allrolorllo
796 1765 1030 1847 ‹srrlriepiscopo

81 1904 209 1996 ffiffiffi'„
280 1912 333 1963 too
354 1911 500 1980 episeopus,
526 1926 617 1963 sorrns
641 1927 776 1962 serrorum
807 1909 866 1970 Dei.
891 1909 1039 1962 Atholnrdo
1067 1908 1197 1978 nrohiopi.

80 1999 216 2048 sennem
241 2012 320 2062 scopo
342 1993 548 2056 Dombomeusis
570 1992 687 2045 ecclesius
708 1993 734 2044 in
755 1983 933 2060 perpetuom.¹

80 2046 209 2181 EQ,
280 2076 429 2128 Pontillrsli
453 2075 605 2127 discretioni
627 2074 751 2142 precipue
772 2074 898 2126 oouronit
922 2073 1081 2142 prmsulilrus
1111 2074 1197 2128 ooolo·

117 2137 136 2190 ¹·
238 2158 337 2210 sinrum
361 2158 504 2210 seeundum
532 2175 622 2210 eorum
653 2157 908 2224 irreprehensibilem
932 2157 1011 2210 fldem
1032 2156 1203 2210 nudiontinm‘

113 2304 117 2313 Ι
237 2242 363 2311 probem,
384 2246 411 2292 ot
424 2256 590 2308 eorumque
609 2256 656 2308 por
669 2240 781 2292 Bootuni
796 2241 915 2302 Petrum,
929 2240 1077 2308 prinoipem
1091 2245 1197 2308 sposto-

136 2328 140 2335 '
237 2325 332 2384 lorum,
353 2330 380 2376 et
401 2341 448 2376 nos
463 2339 553 2389 gerere
574 2322 791 2384 desideraverint,
812 2339 872 2390 quse
893 2322 1027 2375 eononiois
1048 2338 1100 2374 nou
1116 2323 1196 2375 reiro·

238 2410 337 2472 guntur
350 2405 530 2458 sanctionibus
544 2404 668 2458 ellectum
683 2404 835 2460 concedere.
864 2396 884 2435 ⁴*
896 2405 934 2459 Ut
947 2421 1008 2459 oum
1023 2404 1051 2457 id
1066 2405 1137 2474 qood
1150 2405 1196 2460 do·

235 2489 354 2542 riderent
362 2489 536 2550 obtinuerint,
552 2488 736 2555 flegroutiores
749 2506 814 2557 ergs
827 2505 919 2543 eorum
930 2488 1070 2557 religionis
1078 2506 1194 2542 eruorem

234 2572 357 2624 existent.
400 2571 570 2624 Exhortonds
594 2571 683 2639 inque
706 2570 783 2623 nobis
807 2571 864 2624 riso
884 2576 926 2624 est
945 2588 976 2625 so
997 2571 1130 2641 preeundo
1150 2578 1198 2625 tos

236 2655 353 2707 freierus
373 2654 479 2705 slmitus
499 2671 548 2722 pro
569 2653 717 2705 diocesibus
737 2654 846 2720 Angliae
870 2653 921 2706 sibi
945 2654 1102 2715 commissis.
1124 2654 1199 2707 ride·

237 2737 299 2788 licet
319 2736 501 2804 opiscoporum
523 2752 570 2788 seu
591 2735 811 2788 monasteriorum
831 2741 886 2789 tem
906 2737 1096 2790 monachorum
1117 2754 1196 2804 quem

235 2819 391 2869 olorinorum
413 2824 440 2868 ot
461 2819 617 2883 puellarum.
668 2817 732 2882 Qum
753 2817 824 2868 sicut
843 2817 877 2869 sb
901 2817 1010 2869 olitoris
1034 2818 1197 2885 temporibus

235 2903 281 2951 tus
315 2898 426 2952 eeclesiu
460 2899 556 2960 tonuit,
586 2905 618 2950 ut
652 2899 680 2951 in
712 2915 787 2951 sucro
818 2898 917 2952 scrinio
947 2905 1039 2954 nostro
1069 2900 1198 2968 requisito

234 2980 428 3046 cognorimus„
450 2980 487 3030 ito
519 2981 569 3032 tibi
599 2979 703 3046 tuisque
732 2981 925 3032 suecessoribus
956 2981 1071 3033 tenendo
1099 2982 1197 3033 condr-

234 3078 346 3115 msmos,
402 3061 500 3115 Omnes
531 3062 682 3129 Anglorum
713 3063 836 3115 ecclesius
870 3068 978 3115 ssnotos
1009 3080 1040 3115 so
1071 3064 1196 3130 egregius

235 3145 393 3211 predicator
413 3161 482 3211 pups
502 3144 646 3209 Gregorius
670 3144 806 3195 ordiuorit
831 3150 911 3211 utque
939 3143 1070 3197 estholioo
1099 3145 1196 3196 conflr-

234 3227 318 3278 msrit
343 3227 425 3278 Bouto
449 3225 603 3291 Augustino
625 3224 830 3293 orchiopiscopo,
854 3225 966 3279 siuoello
985 3242 1043 3290 suo,
1064 3224 1196 3292 subjectos

236 3308 289 3359 lore
311 3308 338 3359 iu
361 3324 447 3359 rerum
470 3324 516 3373 per
538 3323 642 3358 suerum
667 3323 744 3358 usum
770 3307 854 3373 pollii.
905 3309 940 3359 Bt
964 3307 1024 3360 ideo
1047 3324 1080 3360 rx
1104 3313 1329 3367 sueto-nm.

235 3389 315 3441 ritulo
336 3389 411 3441 Booti
433 3389 515 3448 Petri,
537 3388 715 3456 spostolorum
736 3388 875 3457 principis,
896 3389 940 3442 eui
960 3405 977 3441 s
1001 3389 1116 3442 Domino
1139 3390 1195 3444 Deo

235 3476 351 3538 peresus
370 3470 432 3524 dntn
452 3470 494 3524 est
514 3471 628 3533 dioouto,
643 3471 706 3538 quis
727 3471 796 3524 “ru
815 3489 844 3525 es
860 3472 964 3532 Petrus.
977 3478 1007 3525 st
1026 3489 1106 3540 rupsr
1125 3473 1195 3526 huno

236 3554 254 3577 “
277 3557 378 3618 potrum
406 3551 534 3603 odillesbe
562 3551 700 3603 ecclesium
730 3568 826 3612 mesm.
858 3557 886 3603 ot
914 3557 998 3618 ports)
1028 3552 1108 3604 iniori
1134 3569 1190 3604 non

236 3631 254 3656 ‘⁸
276 3632 458 3700 prerslsbnut
474 3631 599 3685 sdversus
619 3649 687 3694 eom,
701 3639 730 3685 et
749 3633 799 3686 tibi
820 3631 888 3687 dsbo
908 3634 996 3687 olsres
1016 3633 1094 3703 regui
1114 3634 1194 3688 eele-

235 3715 253 3740 ⁴⁴
276 3731 346 3777 rum,
367 3721 395 3768 st
419 3706 593 3784 quodcunque
619 3716 744 3783 ligsrerlr
768 3733 847 3785 super
871 3723 970 3770 terrum
996 3717 1050 3770 erit
1079 3717 1194 3784 ligstnm

266 3982 368 4045 ‘Csjss
389 3982 504 4045 inaeffstils'
531 4015 537 4030 .
568 4014 574 4030 .
601 4015 609 4030 .
634 3982 692 4045 sre-

236 4055 452 4116 rrassrterlss.
763 4051 1194 4120 ‘osmundeesssflrterts

237 4127 343 4248 Allas
367 4160 373 4176 .
394 4158 401 4177 .
424 4125 694 4190 ‚perpethNotln
726 4120 771 4185 λι,
