3136 4890
77 588 132 643 lou
287 595 433 641 msronrs
456 564 612 640 uovonuu
635 593 668 640 m
690 594 818 640 suomi.

9 755 48 794 ¹⁸⁸·
74 774 100 819 ct
114 767 246 834 principes
259 772 286 818 et
299 763 345 817 olii
359 763 528 816 rotionubilce
542 770 569 815 et
583 760 701 828 religiosi
715 762 767 814 riri
780 762 858 829 regni
872 762 1032 829 Anglermm

74 848 107 898 sd
129 848 271 898 utilitetern
286 845 404 897 ecelesias
419 845 505 895 visum
528 843 670 894 eonsilium
685 834 745 894 ost¹
766 844 949 909 episcopatum
963 858 1032 907 prro·

75 930 157 979 lutum
181 927 208 979 iu
233 926 299 978 dues
322 925 450 986 dividere.
473 925 511 977 its
535 931 567 977 nt
588 923 663 976 sedes
687 923 843 992 episcopalis
868 924 897 976 in
917 922 1031 991 quodum
1111 985 1114 990 ¹

74 1009 187 1067 ablutio.
202 1025 261 1077 qun
282 1009 334 1061 sits
355 1015 396 1060 cst
417 1008 445 1059 in
467 1008 555 1059 inscio
575 1012 669 1058 roestn
690 1007 753 1059 IIsli
774 1012 802 1060 et
822 1013 863 1060 est
877 1006 948 1058 intro
962 1024 1032 1074 prce·

75 1093 155 1140 l'stnrn
176 1089 310 1148 diocesim,
326 1089 512 1148 constituntur,
528 1087 665 1139 menochio
687 1086 784 1139 ibidem
806 1086 1031 1153 permulcentibus,

74 1171 142 1222 sicut
162 1176 226 1221 sunt
246 1168 325 1221 multi
339 1169 506 1237 episcopatus
520 1170 565 1236 qui
592 1168 734 1220 monachos
759 1168 787 1219 in
812 1173 897 1220 motis
921 1167 1032 1220 ecclesio
1086 1192 1088 1198 ·

74 1253 180 1311 bulient,
195 1267 248 1303 nen
263 1252 410 1304 esnenices.
453 1251 529 1315 Quod
551 1251 666 1302 libenter
686 1250 808 1302 coneedit
823 1249 879 1316 ipse
892 1251 1031 1316 episeopus

75 1332 257 1391 lincoliensis,
272 1331 404 1388 liebertum
426 1331 542 1388 nomine.
564 1331 628 1397 quio
648 1346 696 1395 pro
717 1329 750 1380 iis
774 1344 835 1396 qmo
859 1335 1032 1381 concinuntur

73 1411 105 1466 de
125 1431 173 1466 sus
186 1413 296 1466 ecclesis
316 1413 350 1466 ed
371 1412 573 1466 instaurandum
595 1428 694 1465 nouum
715 1411 896 1482 episcopetmn
918 1410 947 1463 in
968 1410 1032 1464 lleli

74 1506 178 1549 tontum
200 1496 318 1549 ecclesiis
341 1497 501 1549 biricolionsi
522 1503 695 1557 metueretur,
717 1503 747 1547 nt
769 1498 824 1561 ipse
844 1495 976 1547 sufficiens
1004 1500 1033 1547 et

74 1585 180 1638 emtum
202 1576 253 1627 sibl
274 1593 329 1628 esse
349 1578 469 1629 letentur.
512 1576 562 1626 Cel
584 1575 622 1626 rel
643 1575 720 1634 mibi,
734 1566 815 1627 eum²
836 1583 944 1642 proptor
965 1591 1031 1641 prro·
1044 1570 1165 1620 litum

74 1658 172 1711 dictum
197 1658 391 1721 neccssltotem‚
406 1664 464 1711 tum
490 1664 597 1727 propter
620 1656 821 1710 multitudinem
844 1656 1031 1727 praedictorum

74 1742 119 1808 qui
136 1743 162 1792 in
178 1741 227 1791 boc
241 1742 419 1801 consentiunt,
435 1743 522 1792 risum
544 1747 585 1793 ost
606 1747 646 1800 ut,
668 1742 741 1790 solrn
755 1746 843 1791 restro
863 1741 1030 1799 unctoritete,

74 1837 209 1872 nsseusnrn
224 1821 376 1887 praeberem.
420 1821 544 1872 Prcentnr
558 1819 641 1886 igitur
662 1815 819 1886 suppliciter
833 1836 890 1871 meu
905 1821 1030 1886 pertitus,

74 1904 200 1971 quatinus
222 1903 271 1955 hoe
295 1902 366 1971 qnod
390 1919 438 1972 pro
463 1901 581 1954 utilitato
605 1902 723 1954 ecclesio
748 1901 786 1954 sic
810 1900 969 1969 dispositum
991 1908 1032 1954 ost

74 1995 160 2037 vestro
181 1987 339 2036 siretoritnte
360 1986 387 2035 in
409 1992 565 2049 perpetuum
589 1985 735 2043 roboretur,
750 2001 783 2033 ue
805 2001 820 2034 s
843 1981 954 2049 pesteris
975 1985 1030 2034 ullu

75 2065 279 2131 prnsnrrrptione
300 2063 370 2131 quod
392 2063 457 2114 liene
479 2069 608 2113 statutum
637 2061 718 2114 suerit
742 2063 865 2114 violetur.
917 2063 1031 2115 Oramus

75 2147 159 2198 llonm
184 2145 402 2214 omnipotentem,
418 2152 448 2197 ut
469 2145 588 2198 ecclcsiro
612 2161 667 2198 snm
682 2162 728 2198 res
753 2145 780 2197 iu
804 2145 931 2209 (licturus
956 2163 1031 2214 pros·

75 2229 184 2293 peritate
205 2229 344 2278 custodiet.

114 2311 221 2374 soluts
248 2310 339 2384 curis,
371 2310 531 2374 Anselnms
563 2312 601 2373 ml
631 2311 736 2373 villum
767 2332 861 2385 suoru,
884 2311 1032 2376 Murtclse

72 2407 201 2474 nomine,
236 2406 302 2478 ivit,
339 2405 484 2484 ibique
477 2426 508 2465 ιιι
543 2406 739 2485 subsequenti
775 2406 895 2484 jejunio
930 2408 1054 2486 quarti,

11 2544 17 2563 .
71 2496 180 2557 mensis
201 2496 312 2558 multos
333 2496 370 2556 sd
392 2515 491 2557 sscros
512 2495 631 2557 ordines
654 2497 813 2578 promovit
851 2497 936 2559 Inter
956 2519 1032 2580 quos
1091 2563 1093 2567 ,

10 2630 39 2651 o
4 2564 232 2655 “mulcantem
253 2612 372 2672 quoque
404 2593 435 2652 in
466 2591 647 2672 procedenti
680 2593 819 2672 proximo
850 2594 1032 2657 solennitate

70 2686 258 2747 Pentecostes
279 2685 407 2751 electum
429 2686 467 2745 sd
489 2685 700 2765 pontificatum
722 2686 854 2747 ecclesius
877 2687 1031 2750 bundoni·

68 2779 147 2838 ensis
168 2778 207 2838 sd
228 2778 471 2858 presbyteratum
493 2777 654 2837 ordinavit.

1 2890 41 2929 so
111 2871 226 2930 Deinde
248 2871 286 2930 cd
309 2870 505 2930 festivitatem
526 2869 806 2948 gloriosissimonuu
828 2872 1031 2949 apostolorum

9 2961 21 3010 ἰ
71 2964 151 3024 Petri
173 2971 205 3023 ct
235 2963 320 3023 Pnuli
343 2962 540 3023 Centum-inm
565 2962 696 3033 veniens,
719 2963 768 3022 ‹lie
797 2963 891 3041 ipsius
914 2965 1032 3027 lestis-i·
1109 3012 1112 3019 .

6 3047 17 3105 Ῐ
71 3059 143 3117 tntis
178 3057 209 3117 in
244 3056 385 3138 capitulo,
419 3055 618 3137 pncscutibus
653 3055 785 3117 ccelesiro
821 3057 965 3117 smtrilms
1000 3067 1032 3121 ct

0 3119 173 3210 ΙΙἰιιιιΙιίι
207 3149 274 3210 eliis
303 3157 365 3210 tnm
398 3147 552 3210 moncellis
585 3168 674 3227 quam
706 3150 822 3211 clericis
852 3171 969 3213 necnon
1000 3161 1033 3215 et

70 3243 160 3314 laicis,
182 3243 266 3303 dedit
288 3243 418 3304 Rodull'o
445 3242 549 3303 sbbntl
572 3241 664 3322 Sagii,
685 3243 752 3302 uiro
782 3243 921 3323 equidem
952 3246 1032 3308 bene

71 3347 102 3400 ct
132 3337 272 3417 'religioso
300 3343 331 3399 et
353 3337 410 3418 ipsi
431 3337 562 3398 ecclesiro
584 3335 672 3400 valde
704 3338 855 3409 familiari,
878 3341 1031 3422 episcopc-

71 3437 136 3491 tum
158 3430 325 3502 Rolcnsem,
349 3439 472 3511 eccepto
492 3432 576 3510 prius
597 3431 636 3491 sb
666 3432 732 3511 ipso
761 3453 860 3494 corum
890 3436 1032 3496 omnibus

70 3524 204 3586 hominio
235 3544 269 3584 ec
303 3523 457 3585 fidelitate.
514 3525 612 3599 Quom
648 3525 828 3588 fidelitatem
860 3547 892 3588 se
924 3528 969 3590 illi
999 3538 1032 3592 et

69 3619 185 3682 eunctis
205 3617 349 3698 legitimis
370 3619 588 3679 successoribus
619 3620 693 3699 ejus,
715 3620 929 3702 ecclesiisque⁸
950 3621 1030 3684 Con·

69 3712 214 3774 tussiensi
244 3717 390 3792 perpetue
421 3720 611 3773 servaturum
643 3714 791 3794 promisit,
812 3722 844 3777 ct
864 3714 921 3777 hoe
940 3737 1032 3798 super

69 3813 199 3886 quotuor
228 3804 386 3884 evengelis
415 3804 547 3884 jurando
580 3808 779 3870 confirmavit
831 3809 869 3869 ln
897 3809 1062 3872 crastino‘

67 3907 169 3960 eutem
197 3897 281 3959 misit
309 3916 378 3958 eum
399 3896 621 3971 Revocestrsm‚
642 3905 675 3961 et
694 3892 763 3962 curn
784 3922 820 3962 ee
842 3901 1029 3965 Willelrnurn

18 4154 21 4159 ,
98 4106 279 4154 'adnisurum
294 4138 301 4154 .
317 4139 324 4154 .
341 4136 348 4152 .
365 4104 523 4166 emesen—
598 4108 792 4171 ’cs-Jtumn.

65 4194 118 4228 nn
128 4181 152 4227 tn
163 4182 194 4227 Δ.
598 4180 608 4211 ⁸
618 4180 841 4263 eruloeiaeqseplfl.
