3150 4994
181 539 248 599 194
331 527 334 532 ’
397 548 544 597 msronm
566 549 722 597 novoncur
744 508 779 595 nr
800 547 928 595 anona

48 751 50 760 ⁴
80 732 155 775 ¹¹⁸·
183 720 262 782 dens
283 718 408 792 obierat,
427 724 459 780 ot
479 738 581 780 omncs
602 716 654 779 alii
677 700 797 798 Angliae
818 716 950 797 episcopi
973 720 1151 777 statuerunt

187 814 222 875 in
243 813 403 895 prasentia
431 811 565 892 ejunlcm
593 810 717 893 gloriosi
746 811 826 893 regis
856 810 993 883 Henrici,
1023 828 1149 871 assensu

188 908 324 969 omnium
345 907 491 973 buroam
512 905 642 978 tuorum,
664 910 701 965 ut
730 904 907 984 presbytcri,
928 904 1059 975 diaconi,
1079 902 1150 964 sub·
1161 922 1286 974 nm.

188 999 307 1060 diaconi
328 1004 407 1061 caste
428 997 576 1082 viverent,
588 1004 621 1058 ct
641 997 769 1058 seminas
791 998 822 1057 in
844 997 983 1057 domibus
1003 996 1068 1057 suis
1087 1015 1152 1057 nou

190 1089 346 1164 haberent,
365 1096 477 1172 prater
497 1090 637 1172 proxima
655 1090 921 1172 consanguinitate
942 1090 999 1150 sibi
1018 1089 1153 1170 junctas,

190 1184 356 1246 secundum
376 1185 458 1265 quod
479 1191 585 1247 sancta
605 1184 723 1246 Niecna
742 1184 877 1264 synodus
897 1182 1046 1245 delinivit
1099 1181 1151 1243 Illi

190 1299 263 1340 vcro
283 1279 458 1360 presbytcri,
479 1279 598 1341 diaconi
628 1279 692 1339 sive
721 1279 898 1340 subdiaconi
927 1279 979 1358 qui
1009 1283 1081 1358 post
1104 1278 1152 1337 in·

191 1372 351 1434 tcnlictum
372 1373 593 1435 Lundonicnsis
613 1371 730 1434 concilii
751 1370 880 1433 feminas
901 1392 971 1432 suas
985 1377 1153 1432 tonuerunt

190 1465 241 1526 uel
261 1465 336 1527 alias
356 1465 517 1540 duxerunt,
532 1466 557 1526 si
578 1465 709 1546 amplius
729 1465 850 1525 missam
864 1464 1013 1526 celebrare
1028 1464 1155 1535 vellent,

193 1577 245 1619 cas
274 1578 293 1619 a
323 1580 354 1619 se
385 1558 529 1620 omnino¹
562 1558 694 1620 lacerent
724 1558 767 1618 sic
796 1557 918 1628 alienas,
940 1569 979 1617 ut
1006 1577 1061 1618 nec
1090 1557 1152 1618 illm

153 1686 159 1696 ·
191 1651 226 1713 in
259 1651 361 1712 domos
394 1671 506 1723 eorum,
537 1670 591 1713 ncc
626 1650 683 1731 ipsi
720 1650 751 1710 in
786 1650 889 1712 domos
919 1671 1022 1712 carum
1055 1652 1152 1713 intra·

189 1751 267 1816 rent,
293 1745 346 1806 scd
367 1765 462 1824 neque
484 1745 516 1804 in
540 1744 643 1824 aliqua
673 1744 761 1804 dorne
790 1745 918 1805 scienter
944 1745 1151 1828 convenirent,

194 1856 290 1916 neque
311 1836 484 1915 hujusmodi
505 1836 626 1896 lumime
647 1835 679 1895 in
705 1835 857 1897 territorio
878 1836 1009 1898 ccclesiae
1029 1836 1150 1898 habita·

192 1934 300 1989 tarent.
341 1929 375 1988 Si
395 1934 497 1987 autem
522 1933 646 2006 propter
676 1926 810 2004 aliquam
840 1927 998 1987 honestam
1027 1946 1150 1988 causam

192 2040 243 2083 eos
263 2021 389 2100 colloqui
410 2025 571 2101 oporteret,
591 2039 659 2082 cum
685 2019 802 2079 duobus
822 2019 861 2080 ad
882 2020 983 2080 minus
1003 2020 1152 2101 legitimis

190 2114 319 2174 testibus
339 2119 426 2172 extra
446 2112 568 2171 domum
590 2110 839 2190 colloquerentur.
881 2112 915 2171 Si
930 2132 1002 2172 vcro
1020 2113 1053 2172 in
1073 2114 1149 2175 duo·

190 2205 247 2264 bus
267 2210 322 2265 aut
343 2203 374 2264 in
396 2203 493 2264 tribus
515 2202 659 2283 legitimis
680 2202 817 2274 testibus,
839 2203 888 2265 vel
917 2204 1040 2285 publica
1061 2224 1150 2287 paro·

188 2296 363 2361 chianonrm
392 2297 481 2367 lama,
510 2296 620 2377 aliquis
651 2316 754 2358 corum
782 2306 940 2359 accusatus
967 2304 1047 2361 osset
1067 2301 1150 2380 quod

188 2390 245 2452 boo
272 2397 421 2451 statutum
453 2389 605 2461 violasset,
633 2396 777 2470 purgaret
805 2411 837 2451 sc
865 2393 1019 2470 adjunctis
1047 2412 1150 2455 aucum

188 2484 302 2547 ordinis
323 2484 371 2544 sui
392 2483 508 2544 idoneis
530 2481 667 2554 ustibus,
688 2504 741 2544 sex
773 2483 798 2543 si
826 2486 993 2565 presbyter,
1013 2485 1152 2567 quinquo

187 2578 213 2639 si
234 2580 386 2649 diaeonus,
407 2585 538 2658 quatuor
559 2579 583 2637 si
607 2578 808 2639 subdiaconus
829 2585 913 2639 esset.
965 2579 1023 2641 Cui
1045 2587 1150 2642 autem

187 2670 252 2731 lnce
282 2671 423 2750 purgatio
456 2667 605 2739 deficeret,
635 2675 671 2728 ut
701 2676 903 2748 transgressor
933 2673 1010 2732 sacri
1039 2675 1150 2733 statuti

181 2762 380 2843 judicaretur.
433 2761 484 2822 Illi
514 2767 618 2822 autem
648 2762 817 2841 presbyteri
839 2763 891 2841 qni
916 2762 1023 2822 Divini
1044 2762 1154 2827 altaris

186 2864 218 2918 ct
239 2877 388 2920 sacrorum
420 2857 560 2918 ordinum
590 2861 812 2935 contemptores
841 2856 1052 2935 pnccligcrcnt
1080 2879 1150 2922 curn

185 2949 363 3010 mulieribus
384 2949 531 3027 habitare,
555 2967 573 3008 a
595 2949 709 3007 Divino
740 2948 837 3009 ollicio
868 2950 984 3019 remoti,
1005 2958 1036 3009 ct
1066 2953 1149 3011 omni
1197 2982 1199 2985 ·

186 3042 383 3106 ecclesiastico
403 3041 548 3103 beneficio
569 3039 691 3121 privati,
712 3046 800 3102 extra
820 3039 944 3101 chorum
965 3050 1154 3122 ponerentur

187 3136 313 3198 infames
334 3135 534 3217 pronunciabi
586 3134 647 3208 Qui
668 3155 740 3196 vero
761 3134 881 3196 rebellis
909 3142 941 3196 ct
961 3144 1153 3217 contemptor

187 3227 329 3286 feminam
359 3246 443 3285 suam
477 3245 538 3285 uon
570 3226 762 3303 relinqueret,
782 3233 815 3285 et
845 3227 968 3285 missam
1000 3228 1151 3290 celebrare

185 3326 388 3400 presumeret,
416 3324 542 3380 vocatus
575 3316 614 3377 ad
650 3316 888 3379 satisfactionem
922 3317 948 3378 si
983 3319 1153 3402 negligeret

186 3422 293 3478 octavo
313 3414 362 3475 dis
383 3414 700 3475 excommunicaretur.
743 3413 856 3475 Eadem
878 3414 1032 3476 sententia
1052 3416 1151 3479 archi·
1164 3445 1288 3494 mm

187 3498 327 3568 diacones
339 3513 373 3566 ct
387 3507 546 3565 canonicos
561 3524 664 3565 omnes
678 3506 940 3585 complectebatur,
954 3513 1017 3566 tam
1032 3508 1070 3568 de
1084 3527 1151 3568 mu·

186 3597 311 3660 linibus
331 3596 545 3676 relinquendis,
565 3616 655 3676 quam
688 3597 725 3658 de
746 3597 874 3659 uitanda
901 3617 1004 3659 earum
1025 3619 1151 3663 convcr-

186 3693 310 3764 sstimm,
331 3697 364 3752 ct
383 3691 420 3751 de
442 3690 630 3752 districtione
645 3709 779 3753 censura
793 3691 819 3751 si
833 3697 951 3753 statuta
972 3695 1152 3775 transgressi

187 3785 322 3846 luissent
375 3783 522 3842 durarent
554 3782 678 3861 insuper
709 3782 914 3844 archidiaconi
944 3804 1048 3845 omncs
1068 3785 1150 3864 quod

188 3875 346 3960 pseunimu
367 3893 428 3934 non
450 3872 622 3954 acciperent
651 3893 705 3954 pro
734 3872 893 3936 toleranda
913 3876 1152 3960 transgressione

488 4110 890 4173 hammoniacam.
