3136 4890
52 392 58 400 ’
101 431 105 438 ·
213 413 233 474 6
435 420 583 468 srsronm
604 418 760 467 uovonuu
782 417 818 464 ru
838 414 965 463 ausari.

57 605 190 694 :ffi-
216 599 300 660 sides
324 597 456 659 haberet
499 595 703 657 Wulnothus¹
736 598 837 673 itnquo
869 595 950 654 silius
981 592 1122 654 Godwini
1150 592 1296 650 eistat·

58 695 208 794 2⁸3¹*
219 691 333 774 Hacun
353 690 434 752 iilius
455 689 550 751 Suani
571 689 627 748 iiiii
648 689 696 748 aui
717 688 836 748 obsides
856 687 978 758 dantur,
998 705 1034 747 ae
1056 686 1089 745 in
1103 684 1182 745 Nor·

140 769 150 785 '
209 782 377 861 manum
409 781 560 844 wilielmo
590 780 703 853 comiti,
725 781 788 841 suo
822 779 938 843 seinse
971 777 1182 866 moereres

221 877 345 953 Rieardi
379 875 481 936 fratris
518 875 624 935 matris
658 894 729 945 sirm,
756 873 946 936 custodiendi
982 873 1182 933 destinantur.

179 964 181 969 ’
222 967 343 1043 Quibus
369 967 470 1047 gestis,
501 966 675 1037 (lodwinus,
696 970 803 1046 utpote
831 963 928 1026 hostis
952 963 1083 1027 eeclesia
1103 962 1183 1024 Can·

222 1062 392 1136 turriensis,
420 1081 500 1135 nam,
531 1061 655 1125 seducto
686 1060 803 1122 Edzino
823 1059 1056 1143 archiepiscopo,
1077 1058 1184 1121 viliam

99 1186 105 1195 ·
223 1156 320 1238 ipsius
339 1156 470 1220 ecclesiia
490 1156 612 1218 nomine
632 1155 864 1217 Folcirestauum
893 1156 920 1214 ei
936 1155 1092 1232 surripuit,
1106 1154 1187 1214 mula

58 1271 206 1318 unu-a
223 1253 321 1310 morta
348 1253 417 1328 post
443 1248 534 1336 bravo
558 1255 678 1330 tompus
706 1247 833 1317 interiit,
854 1253 886 1307 et
908 1243 1083 1307 Horoldus¹
1103 1244 1186 1305 filius

52 1319 169 1411 παῖ
224 1343 291 1426 ejus
321 1343 497 1407 comitatum
526 1341 645 1405 Cautius
674 1342 754 1425 patri
780 1341 941 1405 succedens
962 1339 1104 1403 obtinuit
1147 1340 1187 1414 Is,

52 1413 143 1508 fua-'⁸'
172 1482 187 1497 -ὴ
226 1440 327 1521 elapso
353 1440 470 1504 modioo
497 1445 639 1520 tompore,
660 1438 814 1501 licentiam
839 1437 951 1518 petivit
971 1458 990 1498 a
1011 1458 1080 1516 rege
1108 1436 1186 1498 Nor·

227 1533 381 1594 manniam
402 1534 446 1592 iro
467 1536 499 1592 at
519 1531 644 1592 tratrem
665 1549 753 1590 suum
776 1535 869 1609 atquo
891 1534 1032 1609 nopotem
1053 1529 1106 1607 qui
1135 1528 1189 1589 ob·

227 1626 308 1689 sides
328 1625 510 1688 tenobwtur
530 1624 665 1696 liberare,
686 1623 828 1686 iibcmtos
849 1623 998 1685 reducere.
1040 1621 1098 1686 cei
1126 1641 1188 1696 rex,

228 1727 246 1755 “
267 1719 358 1794 Hoc,”
388 1720 498 1802 inquit,
529 1727 617 1781 “non
646 1718 700 1781 flet
728 1738 783 1801 per
813 1739 869 1780 me.
912 1717 1126 1792 Veruntamen,
1151 1738 1189 1779 no

229 1823 247 1849 ‘¹
266 1815 373 1875 videar
393 1821 424 1874 te
445 1813 523 1874 vello
543 1813 697 1892 impedire,
717 1812 862 1892 penuitto
882 1819 919 1871 ut
940 1831 990 1871 cas
1011 1831 1071 1890 quo
1085 1813 1132 1871 vis
1154 1831 1190 1872 ne

231 1914 247 1941 ‘¹
267 1907 421 1986 experiare
442 1906 516 1986 quid
536 1906 640 1987 possis.
682 1904 846 1965 Prmsentio
875 1909 978 1964 tamon
999 1908 1029 1964 tc
1050 1904 1083 1963 in
1111 1902 1189 1963 nihil

212 1997 246 2033 '¹'
266 2000 349 2062 aliud
379 1999 510 2072 tondere,
539 1998 597 2060 nisi
629 1998 661 2059 in
692 1997 908 2059 detrimentum
944 1997 1040 2059 totius
1067 1996 1190 2077 Anglici

232 2101 249 2130 “
269 2094 360 2175 regni,
381 2101 414 2156 ct
432 2093 626 2175 opprobrium
648 2093 701 2153 tui.
744 2092 810 2154 Nec
830 2092 911 2152 enim
936 2093 981 2153 ita
1001 2093 1073 2153 novi
1100 2092 1191 2154 conri-

233 2194 250 2221 “
271 2185 354 2248 torn⁸
375 2187 484 2247 mentis
504 2192 667 2265 expertem,
682 2191 719 2245 ut
738 2204 788 2244 eoa
809 2183 1001 2263 aliquatenus
1022 2184 1099 2254 volit
1121 2203 1192 2246 eon·

235 2288 253 2315 “
272 2279 376 2344 cedere
397 2280 462 2355 tibi,
483 2279 509 2341 si
540 2298 601 2341 non
633 2279 798 2362 prescierit
821 2279 854 2339 in
874 2279 930 2342 hoc
951 2298 1094 2362 maguum
1122 2297 1191 2361 pro·

68 2381 248 2433 uun-⁶¹
269 2376 378 2438 ficum
399 2374 472 2437 sui.”
512 2373 658 2436 Ascendit
679 2374 782 2453 itaquo
804 2373 978 2434 Haroldus¹
999 2393 1116 2444 navem,
1137 2392 1193 2436 suo

51 2434 214 2525 ‚aa
231 2486 324 2548 qnam
352 2466 430 2548 rogis
459 2465 586 2528 consilio
606 2465 737 2539 credens,
758 2484 829 2527 cum
850 2464 1012 2526 ditioribus
1032 2471 1066 2527 ct
1085 2464 1193 2526 hones·

66 2523 207 2620 ω·
232 2561 360 2624 tioribns
379 2558 553 2623 hominibus
574 2559 637 2621 suis
661 2578 748 2621 auro‘
762 2565 795 2620 et
814 2564 940 2641 urgente
960 2565 1105 2641 vesteque
1125 2580 1192 2642 pre·

230 2656 313 2718 eioaa
332 2655 474 2717 nobiliter
501 2654 664 2716 instructis
708 2654 792 2713 hiare
814 2654 1023 2715 turbulentum
1044 2656 1192 2733 navigan·

110 2793 118 2807 .
201 2776 203 2780 ·
231 2755 279 2810 tes
299 2747 466 2818 exterritat,
485 2751 518 2810 ot
537 2765 646 2807 navem
668 2744 818 2807 undarum
839 2746 978 2807 cumulus
999 2746 1194 2808 vehementur

231 2843 376 2926 exagitat
418 2842 523 2925 Ejeota
544 2841 665 2905 tnndcm
686 2860 755 2906 eum
776 2840 915 2904 omnibus
937 2862 1005 2925 qum
1026 2841 1142 2907 screimt
1161 2843 1193 2905 in

231 2939 396 3000 Pontivnm
417 2939 545 2998 fluvium
573 2938 626 3016 qui
657 2938 738 2998 Maia
762 2943 894 3009 vocatur,
915 2958 935 2998 a
954 2937 1077 3000 domino
1105 2946 1194 2999 terres

140 3025 144 3031 ·
233 3030 319 3093 nne
339 3049 392 3110 pro
413 3029 475 3092 nu
496 3030 553 3093 1001
573 3029 747 3111 captivitati
768 3029 929 3103 museum,
949 3036 981 3093 ec
1001 3029 1137 3094 homines
1161 3033 1195 3094 m
1315 3017 1319 3026 ’

232 3143 273 3189 oa
292 3125 489 3188 oomistcntea
503 3123 689 3207 diligentiori
703 3124 849 3187 custodiar
864 3126 1082 3208 mancipantur.
1115 3126 1306 3200 (ion-naas

232 3218 360 3279 strictus
380 3217 496 3297 igitnr⁴
515 3216 687 3278 Haroldua²
707 3218 874 3296 quemlibet
886 3239 925 3280 ex
939 3221 1033 3299 vulgo
1050 3223 1197 3301 promissa

233 3309 373 3374 mercede
392 3309 527 3373 illoetnm
548 3309 625 3371 clam
646 3309 685 3373 ad
706 3310 847 3373 comitem
864 3312 1060 3376 Nonnannioe
1081 3315 1197 3397 dirigit,

232 3422 385 3484 uponoro
406 3401 451 3463 illi
472 3401 546 3483 quid
560 3401 618 3462 sibi
631 3402 801 3482 eontigerit
842 3405 887 3465 At
907 3404 958 3466 illo
978 3407 1123 3469 festinato
1143 3427 1198 3488 per

233 3496 366 3559 nuncios
385 3493 512 3556 mandat
538 3493 661 3556 domino
679 3494 803 3556 Pontivi
824 3494 1017 3558 Haroldum⁸
1036 3515 1106 3561 eum
1134 3500 1197 3561 suta

267 3764 637 3843 meurs-sumum.
767 3782 871 3846 ηραν]
894 3784 1022 3835 comeus
1041 3787 1100 3838 no-
1115 3791 1195 3853 raq..
1232 3805 1234 3813 ι

267 3849 425 3916 ¹11«th
439 3850 562 3908 flantem,
572 3852 604 3901 Δ.
736 3853 802 3902 ind.
1294 3862 1300 3872 '

232 3926 327 4052 bap„
347 3927 399 3975 ...r
415 3925 526 3990 mna]
545 3926 584 3977 On
604 3940 697 3978 Μ
768 3926 931 4014 ‘HeroiduJ
945 3931 1125 3992 ilerden-,L
