3136 4890
244 510 306 570 210
458 521 607 573 srsroms
628 521 788 570 sovonnrs
809 521 845 568 rs
865 520 992 570 seems.

98 713 215 755 suun
245 705 324 762 tates
343 698 438 784 ,noue
471 703 560 769 staro,
592 695 642 758 sed
678 715 793 758 morem
828 701 1050 758 antecessorum
1082 715 1205 759 suomm
1303 755 1307 765 ,
1335 732 1340 739 -

244 793 396 874 sequendo
415 798 449 854 et
469 792 542 873 ipsis
569 790 771 871 adquiescere,
791 795 824 850 et
852 789 1006 851 ecelesiam
1034 789 1131 870 ipsam
1154 791 1206 852 de·

245 888 346 968 inceps
366 906 484 967 semper
504 885 630 966 diligere
657 883 736 946 velle
764 882 845 944 dixit
868 888 901 944 et
927 882 1082 944 honorare.
1124 881 1205 946 Pres-

82 1012 184 1063 ηιμ,
241 981 322 1063 oepit
342 980 437 1064 igitur
458 1000 511 1042 rex
535 985 570 1040 nt
591 977 735 1060 professio
755 997 847 1058 quam
868 975 999 1039 'lhomas
1020 981 1086 1039 erat
1106 975 1206 1040 laetu·

80 1061 229 1149 mg
242 1095 293 1135 rus
314 1075 347 1134 in
367 1094 423 1135 sua
447 1073 611 1154 proesentia
635 1072 810 1143 dictaretur,
832 1072 1023 1143 scriberetur,
1045 1071 1203 1150 sigilloque

80 1149 224 1241 222&
239 1188 303 1241 suo,
332 1167 485 1249 nequid
476 1187 509 1227 ιιι
539 1185 575 1228 ee
606 1164 715 1246 quotis
745 1163 901 1226 molimine
935 1169 1100 1243 antequem
1134 1182 1202 1226 eam

83 1241 221 1337 war
238 1262 408 1342 profitendo
438 1259 569 1320 Thomas
600 1259 713 1341 legeret
743 1264 921 1329 mutaretur,
952 1262 1124 1318 servaretur
1154 1257 1201 1317 in·

240 1355 331 1418 elusa
373 1354 461 1429 Quod
482 1359 514 1415 et
534 1352 648 1416 lactum
669 1358 724 1414 est.

81 1457 205 1553 m
283 1450 443 1511 Dominica
466 1468 538 1529 ergo
565 1447 614 1508 die
643 1467 711 1527 quse
732 1446 842 1506 luite.
865 1444 932 1505 Kal
954 1444 1032 1505 Julii
1054 1464 1203 1506 convene·
1275 1431 1277 1436 ⁵

81 1551 216 1642 mu
243 1550 324 1626 runt,
347 1543 475 1622 jubente
503 1561 581 1621 rogo,
602 1539 751 1602 Ricardus
780 1537 1009 1609 Lundonionsis,
1031 1536 1069 1597 ll
1070 1527 1208 1599 illelmus

79 1595 216 1739 gig-⁸¹⁸.
242 1619 468 1716 wintoniensis,
489 1632 639 1694 Radullus
663 1631 811 1707 Rosensis,
833 1630 1003 1692 Herbcrtus
1024 1629 1200 1694 Neruioen·

218 1727 289 1803 sis,
315 1727 466 1789 Radullus
494 1725 698 1796 cicestrensis,
719 1723 891 1784 &enulfus
918 1721 1139 1795 Dunelmensis,
1167 1731 1200 1786 et

238 1816 380 1884 Horreus
414 1819 643 1900 Pangernensis,
678 1816 819 1896 episcopi,
851 1815 885 1875 in
919 1814 1074 1876 ecelesiam
1111 1815 1199 1877 Booti
1313 1823 1316 1829 '

239 1913 326 1976 Peuli
346 1913 515 1992 Lundonire
543 1931 596 1991 pro
620 1909 843 1972 consecratione
864 1907 996 1968 'l'lromse
1038 1907 1124 1970 Inter
1150 1929 1198 1972 so·

240 2007 329 2070 litam
354 2022 424 2090 ergo
451 2004 717 2076 examinationem,
740 2023 795 2065 suo
825 2001 890 2066 loco
917 2000 1131 2083 professionem
1159 2006 1197 2068 de

239 2101 424 2182 subjectione
453 2106 486 2162 ot
518 2099 704 2162 oboedientia
739 2103 852 2159 sancte
882 2096 1014 2159 ecolosire
1048 2096 1199 2161 Dorober·

237 2194 323 2256 nensi
344 2194 516 2256 exhibenda
537 2192 685 2255 Ricardus
705 2191 863 2272 opiscopus
891 2189 1122 2263 Lundoniensis,
1143 2193 1197 2273 qui

235 2287 379 2352 Thomam
417 2295 482 2352 erat
516 2294 696 2359 sacraturus,
731 2286 771 2348 ab
805 2285 858 2348 illo
893 2285 1003 2369 exegit
1047 2287 1196 2352 Prosessio

235 2382 330 2464 igitur
358 2384 437 2447 sicut
466 2389 532 2446 crat
561 2381 692 2464 sigillato
723 2380 781 2442 sibi
802 2401 903 2444 eoram
924 2382 1065 2446 omnibus
1092 2383 1196 2450 oblata

233 2483 287 2550 est,
307 2476 461 2558 fractoque
491 2476 605 2558 sigillo:
620 2475 744 2538 evoluta
772 2482 805 2537 et
835 2476 915 2538 loeta
942 2477 981 2538 ab
1009 2497 1045 2539 eo
1065 2486 1120 2552 est,
1140 2481 1193 2556 ite,

234 2580 249 2604 ‘⁴
270 2571 335 2652 Ego
356 2571 495 2648 ihomas,
518 2571 713 2633 Eboraccnsis
734 2569 864 2632 eoclesiee
885 2574 1103 2634 consecrandus
1132 2596 1193 2639 me·

235 2672 255 2698 ⁴‘
275 2666 484 2745 tropolitanus,
494 2665 636 2744 profiteor
649 2663 866 2743 subjectionem
876 2670 907 2725 et
922 2668 1096 2728 canonicam
1111 2668 1194 2731 oboe·

230 2767 245 2790 “
266 2758 413 2820 dientiam
441 2771 554 2820 sancire
583 2755 806 2819 Dorebemensi
837 2757 969 2819 ccclesire
998 2764 1030 2819 et
1056 2760 1191 2840 ejusdem

230 2861 246 2885 ‘⁸
266 2852 396 2916 eeclesire
430 2852 554 2934 primati
589 2852 731 2914 canonico
762 2851 857 2913 eleeto
888 2858 920 2912 et
951 2862 1131 2929 consecrato,
1160 2862 1324 2928 etrraures

235 2955 249 2979 '⁴
270 2947 487 3008 suecessoribus
508 2947 570 3007 suis
591 2945 733 3008 canonice
754 2945 976 3018 inthronizatis,
991 2947 1076 3010 salva
1095 2950 1191 3012 fideli·
1218 2960 1220 2963 ’

232 3047 246 3069 “
268 3043 330 3100 tale
351 3039 466 3100 demini
495 3039 555 3100 mei
584 3038 709 3101 Henrioi
738 3040 818 3120 rogis
842 3039 1032 3119 Αιιιςίοιιιιιι,ι
1053 3046 1085 3102 ot
1105 3044 1191 3106 salva

230 3131 451 3195 “oboedientia
485 3153 523 3194 ex
559 3138 644 3215 parte
675 3152 744 3194 moa
774 3133 907 3195 tenenda
935 3154 1027 3212 quum
1059 3135 1190 3199 Thomas

229 3230 243 3256 ‘¹
267 3230 435 3287 antecessor
461 3247 547 3287 meus
575 3233 686 3289 sanctes
711 3226 856 3288 Romanos
877 3227 1008 3288 ecelesia
1035 3248 1074 3288 ex
1102 3237 1189 3310 parts

226 3324 241 3348 '⁸
260 3336 318 3378 sus
337 3320 485 3398 professus
507 3318 579 3381 est''
620 3320 772 3383 Intererat
792 3320 864 3382 huie
884 3319 981 3382 offioio
1001 3321 1084 3401 prior
1097 3323 1190 3386 eecle-

224 3409 277 3473 eire
305 3409 549 3484 Derobemonsis,
570 3412 728 3476 Comedus
756 3414 886 3486 nomine,
908 3420 940 3476 et
968 3434 1008 3476 ex
1031 3415 1188 3478 monachis

226 3503 360 3583 ejusdem
388 3506 445 3567 loci
473 3506 673 3587 quamplures,
698 3507 750 3587 qui
778 3527 834 3588 pro
862 3507 919 3570 hoo
947 3507 1021 3589 ipso,
1041 3509 1186 3589 qnoniam
1286 3508 1288 3513 ⁴

223 3617 271 3659 res
297 3617 349 3662 eos
379 3619 470 3679 quem
498 3597 650 3662 maxime⁸
677 3597 863 3682 respiciebat,
891 3593 945 3664 illo
972 3608 1184 3665 convenerant

224 3689 346 3755 lectam
374 3691 478 3772 iraque
506 3693 721 3774 professionem
748 3712 818 3756 cum
838 3713 859 3755 a
878 3694 996 3757 Thema
1022 3693 1082 3757 sibi
1101 3693 1185 3760 obla·

224 3791 288 3848 tam
313 3784 482 3848 Ricardes⁸
505 3787 632 3849 antistes
667 3787 889 3850 lundoniensis
923 3790 1096 3871 coepisset,
1117 3807 1184 3853 eam

250 4054 371 4105 'Rurici
386 4057 448 4118 repis
466 4054 607 4118 deplorans]
627 4054 680 4103 An·
753 4055 841 4118 ’mn
851 4056 959 4121 nui-e]
972 4057 1123 4119 malum.

220 4128 540 4195 ‘mutilama
755 4127 910 4194 'Blendul
924 4130 1107 4192 Breuem.
