<?xml version="1.0" encoding="UTF-8"?>
<!DOCTYPE html PUBLIC "-//W3C//DTD XHTML 1.0 Transitional//EN"
    "http://www.w3.org/TR/xhtml1/DTD/xhtml1-transitional.dtd">
<html xmlns="http://www.w3.org/1999/xhtml" xml:lang="en" lang="en">
 <head>
  <title>
</title>
<meta http-equiv="Content-Type" content="text/html;charset=utf-8" />
  <meta name='ocr-system' content='tesseract 3.04.00' />
  <meta name='ocr-capabilities' content='ocr_page ocr_carea ocr_par ocr_line ocrx_word'/>
</head>
<body>
  <div class='ocr_page' id='page_1' title='image "./eadmerihistoria00eadmgoog_0219.png"; bbox 0 0 3136 4890; ppageno 0'>
   <div class='ocr_carea' id='block_1_1' title="bbox 517 547 1263 614">
    <p class='ocr_par' dir='ltr' id='par_1_1' title="bbox 517 547 1263 614">
     <span class='ocr_line' id='line_1_1' title="bbox 517 547 1263 614; baseline -0.003 -2"><span class='ocrx_word' id='word_1_1' title='bbox 517 562 667 613; x_wconf 77' lang='lat' dir='ltr'><strong>nmmum</strong></span> <span class='ocrx_word' id='word_1_2' title='bbox 686 560 846 614; x_wconf 80' lang='grc' dir='ltr'>ιιοιοιιυιι</span> <span class='ocrx_word' id='word_1_3' title='bbox 867 560 903 612; x_wconf 82' lang='grc' dir='ltr'><strong>ιιι</strong></span> <span class='ocrx_word' id='word_1_4' title='bbox 922 558 1050 612; x_wconf 74' lang='lat' dir='ltr'><strong>meum</strong></span> <span class='ocrx_word' id='word_1_5' title='bbox 1222 547 1263 610; x_wconf 75' lang='grc' dir='ltr'>ιι</span> 
     </span>
    </p>
   </div>
   <div class='ocr_carea' id='block_1_2' title="bbox 299 734 1522 3905">
    <p class='ocr_par' dir='ltr' id='par_1_2' title="bbox 303 734 1517 912">
     <span class='ocr_line' id='line_1_2' title="bbox 304 734 1517 818; baseline -0.007 -21"><span class='ocrx_word' id='word_1_6' title='bbox 304 743 320 772; x_wconf 82' lang='lat'><strong>‘⁴</strong></span> <span class='ocrx_word' id='word_1_7' title='bbox 340 757 469 818; x_wconf 78' lang='lat' dir='ltr'><strong>porgere,</strong></span> <span class='ocrx_word' id='word_1_8' title='bbox 501 758 554 800; x_wconf 87' lang='lat' dir='ltr'><strong>noe</strong></span> <span class='ocrx_word' id='word_1_9' title='bbox 584 740 642 800; x_wconf 88' lang='lat' dir='ltr'><strong>tibi</strong></span> <span class='ocrx_word' id='word_1_10' title='bbox 671 738 753 803; x_wconf 87' lang='lat' dir='ltr'><strong>siout</strong></span> <span class='ocrx_word' id='word_1_11' title='bbox 783 735 871 800; x_wconf 83' lang='lat' dir='ltr'><strong>nobis</strong></span> <span class='ocrx_word' id='word_1_12' title='bbox 902 737 976 818; x_wconf 85' lang='lat' dir='ltr'><strong>ipsis</strong></span> <span class='ocrx_word' id='word_1_13' title='bbox 1006 734 1211 808; x_wconf 79' lang='lat' dir='ltr'><strong>consulemus,</strong></span> <span class='ocrx_word' id='word_1_14' title='bbox 1229 741 1263 797; x_wconf 81' lang='grc' dir='ltr'><strong>ιι</strong></span> <span class='ocrx_word' id='word_1_15' title='bbox 1288 739 1402 789; x_wconf 66' lang='grc' dir='ltr'>ιλιι</span> <span class='ocrx_word' id='word_1_16' title='bbox 1514 736 1517 741; x_wconf 87' lang='grc'><strong>’</strong></span> 
     </span>
     <span class='ocr_line' id='line_1_3' title="bbox 303 824 1375 912; baseline -0.001 -22"><span class='ocrx_word' id='word_1_17' title='bbox 303 837 318 863; x_wconf 83' lang='lat'><strong>‘⁴</strong></span> <span class='ocrx_word' id='word_1_18' title='bbox 339 831 468 910; x_wconf 83' lang='lat' dir='ltr'><strong>negotiis</strong></span> <span class='ocrx_word' id='word_1_19' title='bbox 503 832 572 901; x_wconf 84' lang='lat' dir='ltr'><strong>tuis,</strong></span> <span class='ocrx_word' id='word_1_20' title='bbox 604 850 789 912; x_wconf 77' lang='lat' dir='ltr'><strong>quseeuuquo</strong></span> <span class='ocrx_word' id='word_1_21' title='bbox 825 829 953 905; x_wconf 81' lang='lat' dir='ltr'><strong>fuerint,</strong></span> <span class='ocrx_word' id='word_1_22' title='bbox 984 826 1039 890; x_wconf 90' lang='lat' dir='ltr'><strong>ubi</strong></span> <span class='ocrx_word' id='word_1_23' title='bbox 1070 845 1148 910; x_wconf 84' lang='lat' dir='ltr'><strong>epus</strong></span> <span class='ocrx_word' id='word_1_24' title='bbox 1180 824 1262 903; x_wconf 73' lang='lat' dir='ltr'><strong>ecit,¹</strong></span> <span class='ocrx_word' id='word_1_25' title='bbox 1371 857 1375 865; x_wconf 92' lang='lat'><em>·</em></span> 
     </span>
    </p>

    <p class='ocr_par' dir='ltr' id='par_1_3' title="bbox 302 917 1263 1007">
     <span class='ocr_line' id='line_1_4' title="bbox 302 917 1263 1007; baseline -0.001 -23"><span class='ocrx_word' id='word_1_26' title='bbox 302 930 318 956; x_wconf 80' lang='lat'><strong>‘¹</strong></span> <span class='ocrx_word' id='word_1_27' title='bbox 338 923 419 987; x_wconf 85' lang='lat' dir='ltr'><strong>sieut</strong></span> <span class='ocrx_word' id='word_1_28' title='bbox 448 925 561 987; x_wconf 88' lang='lat' dir='ltr'><strong>nostris</strong></span> <span class='ocrx_word' id='word_1_29' title='bbox 592 945 679 1007; x_wconf 86' lang='lat' dir='ltr'><strong>opem</strong></span> <span class='ocrx_word' id='word_1_30' title='bbox 710 924 847 988; x_wconf 74' lang='lat' dir='ltr'><strong>feremus</strong></span> <span class='ocrx_word' id='word_1_31' title='bbox 898 921 934 986; x_wconf 85' lang='lat' dir='ltr'><strong>si</strong></span> <span class='ocrx_word' id='word_1_32' title='bbox 955 940 1028 985; x_wconf 82' lang='lat' dir='ltr'><strong>vero</strong></span> <span class='ocrx_word' id='word_1_33' title='bbox 1047 926 1081 985; x_wconf 84' lang='lat' dir='ltr'><strong>to</strong></span> <span class='ocrx_word' id='word_1_34' title='bbox 1100 919 1142 986; x_wconf 78' lang='lat' dir='ltr'><strong>sd</strong></span> <span class='ocrx_word' id='word_1_35' title='bbox 1160 917 1263 984; x_wconf 80' lang='lat' dir='ltr'><strong>Deum</strong></span> 
     </span>
    </p>

    <p class='ocr_par' dir='ltr' id='par_1_4' title="bbox 302 1013 1264 1098">
     <span class='ocr_line' id='line_1_5' title="bbox 302 1013 1264 1098; baseline 0 -20"><span class='ocrx_word' id='word_1_36' title='bbox 302 1021 319 1053; x_wconf 71' lang='lat'><strong><em>⁴</em></strong></span> <span class='ocrx_word' id='word_1_37' title='bbox 339 1018 527 1080; x_wconf 79' lang='lat' dir='ltr'><strong>solummodo</strong></span> <span class='ocrx_word' id='word_1_38' title='bbox 547 1018 802 1098; x_wconf 70' lang='lat' dir='ltr'><strong>quemadmodum</strong></span> <span class='ocrx_word' id='word_1_39' title='bbox 830 1015 951 1098; x_wconf 78' lang='lat' dir='ltr'><strong>coepisti</strong></span> <span class='ocrx_word' id='word_1_40' title='bbox 982 1021 1086 1078; x_wconf 78' lang='lat' dir='ltr'><strong>tenere</strong></span> <span class='ocrx_word' id='word_1_41' title='bbox 1106 1013 1264 1098; x_wconf 73' lang='lat' dir='ltr'><strong>delegeris.</strong></span> 
     </span>
    </p>

    <p class='ocr_par' dir='ltr' id='par_1_5' title="bbox 301 1108 1264 1190">
     <span class='ocr_line' id='line_1_6' title="bbox 301 1108 1264 1190; baseline -0.001 -19"><span class='ocrx_word' id='word_1_42' title='bbox 301 1117 317 1143; x_wconf 81' lang='lat'><strong>⁴¹</strong></span> <span class='ocrx_word' id='word_1_43' title='bbox 338 1110 427 1182; x_wconf 86' lang='lat' dir='ltr'><strong>eolus,</strong></span> <span class='ocrx_word' id='word_1_44' title='bbox 447 1117 596 1190; x_wconf 69' lang='lat' dir='ltr'><strong>quantum</strong></span> <span class='ocrx_word' id='word_1_45' title='bbox 626 1119 730 1173; x_wconf 82' lang='lat' dir='ltr'><strong>nostru</strong></span> <span class='ocrx_word' id='word_1_46' title='bbox 759 1111 896 1181; x_wconf 77' lang='lat' dir='ltr'><strong>interest,</strong></span> <span class='ocrx_word' id='word_1_47' title='bbox 917 1110 951 1171; x_wconf 84' lang='lat' dir='ltr'><strong>iu</strong></span> <span class='ocrx_word' id='word_1_48' title='bbox 979 1108 1038 1173; x_wconf 88' lang='lat' dir='ltr'><strong>hoc</strong></span> <span class='ocrx_word' id='word_1_49' title='bbox 1057 1116 1095 1170; x_wconf 91' lang='grc' dir='ltr'><strong>ιιι</strong></span> <span class='ocrx_word' id='word_1_50' title='bbox 1113 1108 1264 1173; x_wconf 63' lang='lat' dir='ltr'><strong>haeum</strong></span> 
     </span>
    </p>

    <p class='ocr_par' dir='ltr' id='par_1_6' title="bbox 303 1200 1262 1285">
     <span class='ocr_line' id='line_1_7' title="bbox 303 1200 1262 1285; baseline 0.002 -21"><span class='ocrx_word' id='word_1_51' title='bbox 303 1211 319 1236; x_wconf 83' lang='lat'><strong>&#39;¹</strong></span> <span class='ocrx_word' id='word_1_52' title='bbox 339 1205 423 1265; x_wconf 86' lang='lat' dir='ltr'><strong>suisti</strong></span> <span class='ocrx_word' id='word_1_53' title='bbox 455 1212 487 1265; x_wconf 88' lang='lat' dir='ltr'><strong>et</strong></span> <span class='ocrx_word' id='word_1_54' title='bbox 515 1205 623 1266; x_wconf 84' lang='lat' dir='ltr'><strong>emodo</strong></span> <span class='ocrx_word' id='word_1_55' title='bbox 653 1205 721 1267; x_wconf 84' lang='lat' dir='ltr'><strong>oris.</strong></span> <span class='ocrx_word' id='word_1_56' title='bbox 772 1203 837 1266; x_wconf 89' lang='lat' dir='ltr'><strong>Nos</strong></span> <span class='ocrx_word' id='word_1_57' title='bbox 868 1202 1048 1265; x_wconf 74' lang='lat' dir='ltr'><strong>fidelitstem</strong></span> <span class='ocrx_word' id='word_1_58' title='bbox 1075 1222 1169 1285; x_wconf 66' lang='lat' dir='ltr'><strong>quem</strong></span> <span class='ocrx_word' id='word_1_59' title='bbox 1196 1200 1262 1283; x_wconf 72' lang='lat' dir='ltr'><strong>tegi</strong></span> 
     </span>
    </p>

    <p class='ocr_par' dir='ltr' id='par_1_7' title="bbox 303 1295 1300 1372">
     <span class='ocr_line' id='line_1_8' title="bbox 303 1295 1300 1372; baseline 0 -15"><span class='ocrx_word' id='word_1_60' title='bbox 303 1304 319 1330; x_wconf 82' lang='lat'><strong>‘⁴</strong></span> <span class='ocrx_word' id='word_1_61' title='bbox 339 1297 491 1369; x_wconf 87' lang='lat' dir='ltr'><strong>debemus,</strong></span> <span class='ocrx_word' id='word_1_62' title='bbox 512 1317 574 1359; x_wconf 88' lang='lat' dir='ltr'><strong>non</strong></span> <span class='ocrx_word' id='word_1_63' title='bbox 593 1296 798 1359; x_wconf 79' lang='lat' dir='ltr'><strong>excedemue”</strong></span> <span class='ocrx_word' id='word_1_64' title='bbox 839 1296 957 1357; x_wconf 77' lang='lat' dir='ltr'><strong>Atilio</strong></span> <span class='ocrx_word' id='word_1_65' title='bbox 984 1296 1039 1372; x_wconf 76' lang='lat' dir='ltr'><strong>cit,</strong></span> <span class='ocrx_word' id='word_1_66' title='bbox 1060 1297 1172 1359; x_wconf 79' lang='lat' dir='ltr'><strong>“Beuo</strong></span> <span class='ocrx_word' id='word_1_67' title='bbox 1192 1295 1263 1357; x_wconf 85' lang='lat' dir='ltr'><strong>dix·</strong></span> <span class='ocrx_word' id='word_1_68' title='bbox 1295 1306 1300 1315; x_wconf 91' lang='lat'>&#39;</span> 
     </span>
    </p>

    <p class='ocr_par' dir='ltr' id='par_1_8' title="bbox 302 1387 1264 1471">
     <span class='ocr_line' id='line_1_9' title="bbox 302 1387 1264 1471; baseline 0.003 -23"><span class='ocrx_word' id='word_1_69' title='bbox 302 1393 319 1435; x_wconf 85' lang='lat'><strong>·“</strong></span> <span class='ocrx_word' id='word_1_70' title='bbox 340 1390 413 1451; x_wconf 82' lang='lat' dir='ltr'><strong>istis</strong></span> <span class='ocrx_word' id='word_1_71' title='bbox 451 1391 498 1451; x_wconf 86' lang='lat' dir='ltr'><strong>lte</strong></span> <span class='ocrx_word' id='word_1_72' title='bbox 519 1411 590 1471; x_wconf 80' lang='lat' dir='ltr'><strong>ergo</strong></span> <span class='ocrx_word' id='word_1_73' title='bbox 610 1391 649 1451; x_wconf 86' lang='lat' dir='ltr'><strong>ud</strong></span> <span class='ocrx_word' id='word_1_74' title='bbox 670 1389 827 1451; x_wconf 80' lang='lat' dir='ltr'><strong>(lominum</strong></span> <span class='ocrx_word' id='word_1_75' title='bbox 848 1395 992 1462; x_wconf 83' lang='lat' dir='ltr'><strong>vestrum,</strong></span> <span class='ocrx_word' id='word_1_76' title='bbox 1007 1407 1063 1470; x_wconf 78' lang='lat' dir='ltr'><strong>ege</strong></span> <span class='ocrx_word' id='word_1_77' title='bbox 1084 1408 1132 1452; x_wconf 88' lang='lat' dir='ltr'><strong>me</strong></span> <span class='ocrx_word' id='word_1_78' title='bbox 1151 1387 1264 1451; x_wconf 78' lang='lat' dir='ltr'><strong>tenebo</strong></span> 
     </span>
    </p>

    <p class='ocr_par' dir='ltr' id='par_1_9' title="bbox 301 1479 1265 1554">
     <span class='ocr_line' id='line_1_10' title="bbox 301 1479 1265 1554; baseline -0.002 -10"><span class='ocrx_word' id='word_1_79' title='bbox 301 1489 318 1515; x_wconf 82' lang='lat'><strong>‘⁸</strong></span> <span class='ocrx_word' id='word_1_80' title='bbox 337 1482 377 1544; x_wconf 83' lang='lat' dir='ltr'><strong>ud</strong></span> <span class='ocrx_word' id='word_1_81' title='bbox 398 1482 523 1544; x_wconf 85' lang='lat' dir='ltr'><strong>Deum.”</strong></span> <span class='ocrx_word' id='word_1_82' title='bbox 565 1483 714 1547; x_wconf 82' lang='lat' dir='ltr'><strong>Fecerunt</strong></span> <span class='ocrx_word' id='word_1_83' title='bbox 734 1487 771 1543; x_wconf 89' lang='lat' dir='ltr'><strong>ut</strong></span> <span class='ocrx_word' id='word_1_84' title='bbox 790 1483 921 1554; x_wconf 64' lang='lat' dir='ltr'><strong>dixerut,</strong></span> <span class='ocrx_word' id='word_1_85' title='bbox 941 1489 974 1544; x_wconf 84' lang='lat' dir='ltr'><strong>ot</strong></span> <span class='ocrx_word' id='word_1_86' title='bbox 993 1481 1142 1544; x_wconf 72' lang='lat' dir='ltr'><strong>commit</strong></span> <span class='ocrx_word' id='word_1_87' title='bbox 1154 1479 1265 1543; x_wconf 73' lang='lat' dir='ltr'><strong>Ausul·</strong></span> 
     </span>
    </p>

    <p class='ocr_par' dir='ltr' id='par_1_10' title="bbox 300 1573 1349 1844">
     <span class='ocr_line' id='line_1_11' title="bbox 300 1573 1349 1656; baseline 0.003 -22"><span class='ocrx_word' id='word_1_88' title='bbox 300 1594 368 1635; x_wconf 89' lang='lat' dir='ltr'><strong>mus</strong></span> <span class='ocrx_word' id='word_1_89' title='bbox 389 1575 476 1654; x_wconf 80' lang='lat' dir='ltr'><strong>quusi</strong></span> <span class='ocrx_word' id='word_1_90' title='bbox 496 1574 587 1636; x_wconf 89' lang='lat' dir='ltr'><strong>solus.</strong></span> <span class='ocrx_word' id='word_1_91' title='bbox 632 1574 726 1637; x_wconf 83' lang='lat' dir='ltr'><strong>Feote</strong></span> <span class='ocrx_word' id='word_1_92' title='bbox 754 1574 864 1637; x_wconf 87' lang='lat' dir='ltr'><strong>deinde</strong></span> <span class='ocrx_word' id='word_1_93' title='bbox 893 1573 1088 1656; x_wconf 70' lang='lat' dir='ltr'><strong>eliquentuls</strong></span> <span class='ocrx_word' id='word_1_94' title='bbox 1118 1593 1211 1647; x_wconf 74' lang='lat' dir='ltr'><strong>mors.</strong></span> <span class='ocrx_word' id='word_1_95' title='bbox 1231 1579 1265 1636; x_wconf 81' lang='lat' dir='ltr'><strong>et</strong></span> <span class='ocrx_word' id='word_1_96' title='bbox 1345 1633 1349 1642; x_wconf 87' lang='grc'><strong>,</strong></span> 
     </span>
     <span class='ocr_line' id='line_1_12' title="bbox 301 1668 1264 1749; baseline 0.002 -20"><span class='ocrx_word' id='word_1_97' title='bbox 301 1689 483 1749; x_wconf 85' lang='lat' dir='ltr'><strong>unoquoquo</strong></span> <span class='ocrx_word' id='word_1_98' title='bbox 511 1676 659 1744; x_wconf 83' lang='lat' dir='ltr'><strong>nostrum,</strong></span> <span class='ocrx_word' id='word_1_99' title='bbox 680 1668 732 1749; x_wconf 90' lang='lat' dir='ltr'><strong>qui</strong></span> <span class='ocrx_word' id='word_1_100' title='bbox 763 1669 930 1730; x_wconf 61' lang='lat' dir='ltr'><strong>wlnodum</strong></span> <span class='ocrx_word' id='word_1_101' title='bbox 960 1669 1049 1749; x_wconf 76' lang='lat' dir='ltr'><strong>puuci</strong></span> <span class='ocrx_word' id='word_1_102' title='bbox 1069 1687 1139 1730; x_wconf 88' lang='lat' dir='ltr'><strong>eum</strong></span> <span class='ocrx_word' id='word_1_103' title='bbox 1160 1686 1197 1731; x_wconf 86' lang='lat' dir='ltr'><strong>oo</strong></span> <span class='ocrx_word' id='word_1_104' title='bbox 1215 1686 1264 1730; x_wconf 76' lang='lat' dir='ltr'><strong>rs·</strong></span> 
     </span>
     <span class='ocr_line' id='line_1_13' title="bbox 300 1760 1265 1844; baseline -0.001 -20"><span class='ocrx_word' id='word_1_105' title='bbox 300 1765 475 1834; x_wconf 80' lang='lat' dir='ltr'><strong>mansimus,</strong></span> <span class='ocrx_word' id='word_1_106' title='bbox 497 1764 534 1824; x_wconf 82' lang='lat' dir='ltr'><strong>ed</strong></span> <span class='ocrx_word' id='word_1_107' title='bbox 565 1763 726 1843; x_wconf 81' lang='lat' dir='ltr'><strong>imperium</strong></span> <span class='ocrx_word' id='word_1_108' title='bbox 756 1762 840 1823; x_wconf 87' lang='lat' dir='ltr'><strong>illius</strong></span> <span class='ocrx_word' id='word_1_109' title='bbox 868 1762 1048 1844; x_wconf 70' lang='lat' dir='ltr'><strong>singulatim</strong></span> <span class='ocrx_word' id='word_1_110' title='bbox 1076 1760 1211 1835; x_wconf 74' lang='grc' dir='ltr'>ιοὰοιιιο,</span> <span class='ocrx_word' id='word_1_111' title='bbox 1231 1766 1265 1823; x_wconf 82' lang='lat' dir='ltr'><strong>et</strong></span> 
     </span>
    </p>

    <p class='ocr_par' dir='ltr' id='par_1_11' title="bbox 299 1853 1522 2402">
     <span class='ocr_line' id='line_1_14' title="bbox 299 1853 1264 1936; baseline -0.002 -20"><span class='ocrx_word' id='word_1_112' title='bbox 299 1854 399 1916; x_wconf 89' lang='lat' dir='ltr'><strong>Deum</strong></span> <span class='ocrx_word' id='word_1_113' title='bbox 441 1876 497 1936; x_wconf 84' lang='lat' dir='ltr'><strong>pro</strong></span> <span class='ocrx_word' id='word_1_114' title='bbox 538 1856 707 1934; x_wconf 75' lang='lat' dir='ltr'><strong>digestione</strong></span> <span class='ocrx_word' id='word_1_115' title='bbox 750 1855 845 1935; x_wconf 80' lang='lat' dir='ltr'><strong>ipsius</strong></span> <span class='ocrx_word' id='word_1_116' title='bbox 886 1855 1002 1935; x_wconf 80' lang='lat' dir='ltr'><strong>nogotii</strong></span> <span class='ocrx_word' id='word_1_117' title='bbox 1037 1853 1264 1935; x_wconf 70' lang='lat' dir='ltr'><strong>interpellente,</strong></span> 
     </span>
     <span class='ocr_line' id='line_1_15' title="bbox 300 1940 1355 2028; baseline 0 -22"><span class='ocrx_word' id='word_1_118' title='bbox 300 1949 430 2009; x_wconf 86' lang='lat' dir='ltr'><strong>veniunt</strong></span> <span class='ocrx_word' id='word_1_119' title='bbox 465 1949 603 2028; x_wconf 80' lang='lat' dir='ltr'><strong>proedicti</strong></span> <span class='ocrx_word' id='word_1_120' title='bbox 639 1947 770 2028; x_wconf 88' lang='lat' dir='ltr'><strong>episcopi</strong></span> <span class='ocrx_word' id='word_1_121' title='bbox 806 1967 876 2010; x_wconf 88' lang='lat' dir='ltr'><strong>cum</strong></span> <span class='ocrx_word' id='word_1_122' title='bbox 910 1947 1065 2028; x_wconf 67' lang='lat' dir='ltr'><strong>aliquibus</strong></span> <span class='ocrx_word' id='word_1_123' title='bbox 1097 1944 1264 2009; x_wconf 64' lang='lat' dir='ltr'><strong>boombm</strong></span> <span class='ocrx_word' id='word_1_124' title='bbox 1349 1940 1355 1949; x_wconf 60' lang='lat'>⁵</span> 
     </span>
     <span class='ocr_line' id='line_1_16' title="bbox 300 2039 1425 2138; baseline 0.002 -40"><span class='ocrx_word' id='word_1_125' title='bbox 300 2043 394 2120; x_wconf 81' lang='lat' dir='ltr'><strong>regni,</strong></span> <span class='ocrx_word' id='word_1_126' title='bbox 429 2042 592 2102; x_wconf 84' lang='lat' dir='ltr'><strong>inserentes</strong></span> <span class='ocrx_word' id='word_1_127' title='bbox 621 2042 688 2102; x_wconf 82' lang='lat' dir='ltr'><strong>vim</strong></span> <span class='ocrx_word' id='word_1_128' title='bbox 718 2041 791 2110; x_wconf 69' lang='lat' dir='ltr'><strong>huuc,</strong></span> <span class='ocrx_word' id='word_1_129' title='bbox 823 2039 978 2102; x_wconf 81' lang='lat' dir='ltr'><strong>“Meudst</strong></span> <span class='ocrx_word' id='word_1_130' title='bbox 1008 2039 1066 2102; x_wconf 91' lang='lat' dir='ltr'><strong>tibi</strong></span> <span class='ocrx_word' id='word_1_131' title='bbox 1100 2059 1156 2103; x_wconf 83' lang='lat' dir='ltr'><strong>rex</strong></span> <span class='ocrx_word' id='word_1_132' title='bbox 1190 2039 1425 2138; x_wconf 50' lang='lat' dir='ltr'><strong>quisgffi·</strong></span> 
     </span>
     <span class='ocr_line' id='line_1_17' title="bbox 300 2130 1428 2237; baseline -0.001 -44"><span class='ocrx_word' id='word_1_133' title='bbox 300 2138 317 2165; x_wconf 82' lang='lat'><strong>‘¹</strong></span> <span class='ocrx_word' id='word_1_134' title='bbox 337 2153 416 2213; x_wconf 70' lang='lat' dir='ltr'><strong>saepo</strong></span> <span class='ocrx_word' id='word_1_135' title='bbox 439 2133 568 2196; x_wconf 79' lang='lat' dir='ltr'><strong>diversis</strong></span> <span class='ocrx_word' id='word_1_136' title='bbox 601 2153 671 2195; x_wconf 92' lang='lat' dir='ltr'><strong>oum</strong></span> <span class='ocrx_word' id='word_1_137' title='bbox 703 2132 833 2213; x_wconf 87' lang='lat' dir='ltr'><strong>querelis</strong></span> <span class='ocrx_word' id='word_1_138' title='bbox 864 2132 1036 2213; x_wconf 69' lang='lat' dir='ltr'><strong>exagitasti,</strong></span> <span class='ocrx_word' id='word_1_139' title='bbox 1066 2130 1428 2237; x_wconf 50' lang='lat' dir='ltr'><strong>mmvfflffi</strong></span> 
     </span>
     <span class='ocr_line' id='line_1_18' title="bbox 300 2224 1522 2327; baseline -0.001 -39"><span class='ocrx_word' id='word_1_140' title='bbox 300 2232 315 2258; x_wconf 75' lang='lat'><strong>‘¹</strong></span> <span class='ocrx_word' id='word_1_141' title='bbox 337 2227 488 2288; x_wconf 74' lang='lat' dir='ltr'><strong>cruciasti.</strong></span> <span class='ocrx_word' id='word_1_142' title='bbox 533 2227 648 2287; x_wconf 85' lang='lat' dir='ltr'><strong>Verum</strong></span> <span class='ocrx_word' id='word_1_143' title='bbox 669 2247 738 2290; x_wconf 90' lang='lat' dir='ltr'><strong>cum</strong></span> <span class='ocrx_word' id='word_1_144' title='bbox 769 2226 901 2298; x_wconf 79' lang='lat' dir='ltr'><strong>tendum,</strong></span> <span class='ocrx_word' id='word_1_145' title='bbox 922 2232 992 2307; x_wconf 85' lang='lat' dir='ltr'><strong>post</strong></span> <span class='ocrx_word' id='word_1_146' title='bbox 1011 2225 1159 2306; x_wconf 67' lang='lat' dir='ltr'><strong>placitum</strong></span> <span class='ocrx_word' id='word_1_147' title='bbox 1181 2224 1264 2307; x_wconf 87' lang='lat' dir='ltr'><strong>quod</strong></span> <span class='ocrx_word' id='word_1_148' title='bbox 1275 2232 1427 2327; x_wconf 44' lang='lat' dir='ltr'><strong>*ab</strong></span> <span class='ocrx_word' id='word_1_149' title='bbox 1519 2274 1522 2281; x_wconf 92' lang='lat'><em>.</em></span> 
     </span>
     <span class='ocr_line' id='line_1_19' title="bbox 300 2319 1263 2402; baseline 0.004 -23"><span class='ocrx_word' id='word_1_150' title='bbox 300 2325 316 2353; x_wconf 81' lang='lat'>“</span> <span class='ocrx_word' id='word_1_151' title='bbox 337 2320 432 2380; x_wconf 86' lang='lat' dir='ltr'><strong>totius</strong></span> <span class='ocrx_word' id='word_1_152' title='bbox 453 2321 538 2401; x_wconf 78' lang='lat' dir='ltr'><strong>regni</strong></span> <span class='ocrx_word' id='word_1_153' title='bbox 558 2321 742 2383; x_wconf 83' lang='lat' dir='ltr'><strong>uduuetione</strong></span> <span class='ocrx_word' id='word_1_154' title='bbox 763 2327 870 2382; x_wconf 80' lang='lat' dir='ltr'><strong>contro</strong></span> <span class='ocrx_word' id='word_1_155' title='bbox 889 2330 920 2382; x_wconf 86' lang='lat' dir='ltr'><strong>te</strong></span> <span class='ocrx_word' id='word_1_156' title='bbox 935 2320 1019 2400; x_wconf 75' lang='lat' dir='ltr'><strong>opud</strong></span> <span class='ocrx_word' id='word_1_157' title='bbox 1034 2319 1263 2402; x_wconf 72' lang='lat' dir='ltr'><strong>Rochiugolmu</strong></span> 
     </span>
    </p>

    <p class='ocr_par' dir='ltr' id='par_1_12' title="bbox 301 2411 1265 2484">
     <span class='ocr_line' id='line_1_20' title="bbox 301 2411 1265 2484; baseline 0.005 -12"><span class='ocrx_word' id='word_1_158' title='bbox 301 2418 316 2444; x_wconf 75' lang='lat'><strong>‘⁶</strong></span> <span class='ocrx_word' id='word_1_159' title='bbox 338 2411 476 2473; x_wconf 78' lang='lat' dir='ltr'><strong>hobitum</strong></span> <span class='ocrx_word' id='word_1_160' title='bbox 497 2420 552 2484; x_wconf 82' lang='lat' dir='ltr'><strong>est,</strong></span> <span class='ocrx_word' id='word_1_161' title='bbox 573 2435 642 2474; x_wconf 89' lang='lat' dir='ltr'><strong>cum</strong></span> <span class='ocrx_word' id='word_1_162' title='bbox 670 2413 728 2474; x_wconf 89' lang='lat' dir='ltr'><strong>tibi</strong></span> <span class='ocrx_word' id='word_1_163' title='bbox 760 2413 839 2475; x_wconf 89' lang='lat' dir='ltr'><strong>sicut</strong></span> <span class='ocrx_word' id='word_1_164' title='bbox 863 2412 1020 2474; x_wconf 88' lang='lat' dir='ltr'><strong>deminum</strong></span> <span class='ocrx_word' id='word_1_165' title='bbox 1049 2420 1138 2475; x_wconf 83' lang='lat' dir='ltr'><strong>tuum</strong></span> <span class='ocrx_word' id='word_1_166' title='bbox 1159 2432 1265 2477; x_wconf 78' lang='lat' dir='ltr'><strong>recon-</strong></span> 
     </span>
    </p>

    <p class='ocr_par' dir='ltr' id='par_1_13' title="bbox 302 2507 1264 2589">
     <span class='ocr_line' id='line_1_21' title="bbox 302 2507 1264 2589; baseline 0.001 -21"><span class='ocrx_word' id='word_1_167' title='bbox 302 2511 319 2539; x_wconf 83' lang='lat'>“</span> <span class='ocrx_word' id='word_1_168' title='bbox 339 2507 434 2568; x_wconf 82' lang='lat' dir='ltr'><strong>cilieri</strong></span> <span class='ocrx_word' id='word_1_169' title='bbox 449 2509 602 2588; x_wconf 85' lang='lat' dir='ltr'><strong>supienter</strong></span> <span class='ocrx_word' id='word_1_170' title='bbox 615 2516 740 2588; x_wconf 82' lang='lat' dir='ltr'><strong>potores,</strong></span> <span class='ocrx_word' id='word_1_171' title='bbox 754 2514 795 2582; x_wconf 91' lang='lat' dir='ltr'><strong>et,</strong></span> <span class='ocrx_word' id='word_1_172' title='bbox 809 2507 934 2587; x_wconf 74' lang='lat' dir='ltr'><strong>mijutus</strong></span> <span class='ocrx_word' id='word_1_173' title='bbox 948 2507 1065 2569; x_wconf 85' lang='lat' dir='ltr'><strong>meritis</strong></span> <span class='ocrx_word' id='word_1_174' title='bbox 1078 2514 1111 2570; x_wconf 90' lang='lat' dir='ltr'><strong>ot</strong></span> <span class='ocrx_word' id='word_1_175' title='bbox 1123 2507 1264 2589; x_wconf 69' lang='lat' dir='ltr'><strong>procilius</strong></span> 
     </span>
    </p>

    <p class='ocr_par' dir='ltr' id='par_1_14' title="bbox 301 2600 1265 2684">
     <span class='ocr_line' id='line_1_22' title="bbox 301 2600 1265 2684; baseline 0.005 -24"><span class='ocrx_word' id='word_1_176' title='bbox 301 2607 318 2633; x_wconf 82' lang='lat'>“</span> <span class='ocrx_word' id='word_1_177' title='bbox 340 2601 536 2682; x_wconf 83' lang='lat' dir='ltr'><strong>plurimorum</strong></span> <span class='ocrx_word' id='word_1_178' title='bbox 551 2624 605 2683; x_wconf 89' lang='lat' dir='ltr'><strong>pro</strong></span> <span class='ocrx_word' id='word_1_179' title='bbox 621 2611 651 2664; x_wconf 81' lang='lat' dir='ltr'><strong>to</strong></span> <span class='ocrx_word' id='word_1_180' title='bbox 672 2603 806 2663; x_wconf 85' lang='lat' dir='ltr'><strong>studioso</strong></span> <span class='ocrx_word' id='word_1_181' title='bbox 822 2602 1099 2675; x_wconf 85' lang='lat' dir='ltr'><strong>intervenientium,</strong></span> <span class='ocrx_word' id='word_1_182' title='bbox 1121 2600 1265 2684; x_wconf 80' lang='lat' dir='ltr'><strong>petitioni</strong></span> 
     </span>
    </p>

    <p class='ocr_par' dir='ltr' id='par_1_15' title="bbox 301 2694 1266 2776">
     <span class='ocr_line' id='line_1_23' title="bbox 301 2694 1266 2776; baseline 0.006 -23"><span class='ocrx_word' id='word_1_183' title='bbox 301 2699 319 2726; x_wconf 81' lang='lat'><strong>⁴¹</strong></span> <span class='ocrx_word' id='word_1_184' title='bbox 340 2701 401 2756; x_wconf 84' lang='lat' dir='ltr'><strong>tum</strong></span> <span class='ocrx_word' id='word_1_185' title='bbox 421 2698 561 2758; x_wconf 85' lang='lat' dir='ltr'><strong>ellectum</strong></span> <span class='ocrx_word' id='word_1_186' title='bbox 590 2696 750 2767; x_wconf 83' lang='lat' dir='ltr'><strong>obtineres,</strong></span> <span class='ocrx_word' id='word_1_187' title='bbox 771 2694 923 2775; x_wconf 74' lang='lat' dir='ltr'><strong>pollicitus</strong></span> <span class='ocrx_word' id='word_1_188' title='bbox 944 2715 976 2756; x_wconf 85' lang='lat' dir='ltr'><strong>es</strong></span> <span class='ocrx_word' id='word_1_189' title='bbox 1004 2694 1063 2776; x_wconf 86' lang='lat' dir='ltr'><strong>ipsi</strong></span> <span class='ocrx_word' id='word_1_190' title='bbox 1082 2699 1116 2758; x_wconf 76' lang='lat' dir='ltr'><strong>te</strong></span> <span class='ocrx_word' id='word_1_191' title='bbox 1135 2713 1209 2758; x_wconf 79' lang='lat' dir='ltr'><strong>usus</strong></span> <span class='ocrx_word' id='word_1_192' title='bbox 1228 2713 1266 2759; x_wconf 75' lang='lat' dir='ltr'><strong>sc</strong></span> 
     </span>
    </p>

    <p class='ocr_par' dir='ltr' id='par_1_16' title="bbox 303 2783 1296 2871">
     <span class='ocr_line' id='line_1_24' title="bbox 303 2783 1296 2871; baseline 0.004 -22"><span class='ocrx_word' id='word_1_193' title='bbox 303 2798 318 2822; x_wconf 90' lang='grc'><strong>“</strong></span> <span class='ocrx_word' id='word_1_194' title='bbox 340 2791 419 2868; x_wconf 79' lang='lat' dir='ltr'><strong>leges</strong></span> <span class='ocrx_word' id='word_1_195' title='bbox 440 2811 511 2851; x_wconf 84' lang='lat' dir='ltr'><strong>sues</strong></span> <span class='ocrx_word' id='word_1_196' title='bbox 533 2811 747 2871; x_wconf 69' lang='lat' dir='ltr'><strong>usquequaque</strong></span> <span class='ocrx_word' id='word_1_197' title='bbox 768 2790 909 2870; x_wconf 83' lang='lat' dir='ltr'><strong>deinceps</strong></span> <span class='ocrx_word' id='word_1_198' title='bbox 937 2795 1265 2867; x_wconf 58' lang='lat' dir='ltr'><strong>servulorumque</strong></span> <span class='ocrx_word' id='word_1_199' title='bbox 1286 2783 1296 2803; x_wconf 79' lang='lat'><em>⁰</em></span> 
     </span>
    </p>

    <p class='ocr_par' dir='ltr' id='par_1_17' title="bbox 302 2881 1264 2959">
     <span class='ocr_line' id='line_1_25' title="bbox 302 2881 1264 2959; baseline 0.002 -16"><span class='ocrx_word' id='word_1_200' title='bbox 302 2891 317 2914; x_wconf 81' lang='lat'><strong>&#39;¹</strong></span> <span class='ocrx_word' id='word_1_201' title='bbox 338 2885 396 2944; x_wconf 87' lang='lat' dir='ltr'><strong>sibi</strong></span> <span class='ocrx_word' id='word_1_202' title='bbox 411 2891 518 2947; x_wconf 87' lang='lat' dir='ltr'><strong>contro</strong></span> <span class='ocrx_word' id='word_1_203' title='bbox 531 2906 636 2946; x_wconf 89' lang='lat' dir='ltr'><strong>omnes</strong></span> <span class='ocrx_word' id='word_1_204' title='bbox 649 2885 786 2946; x_wconf 85' lang='lat' dir='ltr'><strong>homines</strong></span> <span class='ocrx_word' id='word_1_205' title='bbox 801 2883 932 2946; x_wconf 79' lang='lat' dir='ltr'><strong>fideliter</strong></span> <span class='ocrx_word' id='word_1_206' title='bbox 952 2881 1160 2948; x_wconf 54' lang='lat' dir='ltr'><strong>defensurum?</strong></span> <span class='ocrx_word' id='word_1_207' title='bbox 1188 2881 1264 2959; x_wconf 79' lang='lat' dir='ltr'><strong>Qui·</strong></span> 
     </span>
    </p>

    <p class='ocr_par' dir='ltr' id='par_1_18' title="bbox 305 2977 1266 3059">
     <span class='ocr_line' id='line_1_26' title="bbox 305 2977 1266 3059; baseline 0.005 -23"><span class='ocrx_word' id='word_1_208' title='bbox 305 2983 321 3009; x_wconf 79' lang='lat'><strong>⁴‘</strong></span> <span class='ocrx_word' id='word_1_209' title='bbox 343 2978 399 3037; x_wconf 88' lang='lat' dir='ltr'><strong>bus</strong></span> <span class='ocrx_word' id='word_1_210' title='bbox 422 2979 486 3057; x_wconf 90' lang='lat' dir='ltr'><strong>ipso</strong></span> <span class='ocrx_word' id='word_1_211' title='bbox 506 2980 645 3040; x_wconf 79' lang='lat' dir='ltr'><strong>credulus</strong></span> <span class='ocrx_word' id='word_1_212' title='bbox 667 2980 764 3039; x_wconf 81' lang='lat' dir='ltr'><strong>sectus</strong></span> <span class='ocrx_word' id='word_1_213' title='bbox 784 2977 927 3057; x_wconf 76' lang='lat' dir='ltr'><strong>sperebst</strong></span> <span class='ocrx_word' id='word_1_214' title='bbox 945 2997 978 3039; x_wconf 88' lang='lat' dir='ltr'><strong>so</strong></span> <span class='ocrx_word' id='word_1_215' title='bbox 999 2977 1037 3039; x_wconf 87' lang='lat' dir='ltr'><strong>‹lo</strong></span> <span class='ocrx_word' id='word_1_216' title='bbox 1057 2984 1167 3041; x_wconf 71' lang='lat' dir='ltr'><strong>catere</strong></span> <span class='ocrx_word' id='word_1_217' title='bbox 1179 2978 1266 3059; x_wconf 74' lang='lat' dir='ltr'><strong>qule-</strong></span> 
     </span>
    </p>

    <p class='ocr_par' dir='ltr' id='par_1_19' title="bbox 304 3070 1266 3152">
     <span class='ocr_line' id='line_1_27' title="bbox 304 3070 1266 3152; baseline 0.005 -22"><span class='ocrx_word' id='word_1_218' title='bbox 304 3076 322 3102; x_wconf 85' lang='lat'>“</span> <span class='ocrx_word' id='word_1_219' title='bbox 343 3080 409 3131; x_wconf 89' lang='lat' dir='ltr'><strong>tum</strong></span> <span class='ocrx_word' id='word_1_220' title='bbox 425 3072 493 3133; x_wconf 87' lang='lat' dir='ltr'><strong>loro.</strong></span> <span class='ocrx_word' id='word_1_221' title='bbox 531 3072 590 3133; x_wconf 83' lang='lat' dir='ltr'><strong>Sed</strong></span> <span class='ocrx_word' id='word_1_222' title='bbox 605 3071 684 3134; x_wconf 81' lang='lat' dir='ltr'><strong>huuc</strong></span> <span class='ocrx_word' id='word_1_223' title='bbox 698 3071 954 3152; x_wconf 67' lang='lat' dir='ltr'><strong>pollicitationem,</strong></span> <span class='ocrx_word' id='word_1_224' title='bbox 968 3070 1048 3135; x_wconf 74' lang='lat' dir='ltr'><strong>huno</strong></span> <span class='ocrx_word' id='word_1_225' title='bbox 1061 3071 1161 3145; x_wconf 76' lang='lat' dir='ltr'><strong>fldem.</strong></span> <span class='ocrx_word' id='word_1_226' title='bbox 1175 3091 1215 3135; x_wconf 80' lang='lat' dir='ltr'><strong>en</strong></span> <span class='ocrx_word' id='word_1_227' title='bbox 1228 3078 1266 3134; x_wconf 81' lang='lat' dir='ltr'><strong>tu</strong></span> 
     </span>
    </p>

    <p class='ocr_par' dir='ltr' id='par_1_20' title="bbox 303 3164 1265 3245">
     <span class='ocr_line' id='line_1_28' title="bbox 303 3164 1265 3245; baseline 0.008 -25"><span class='ocrx_word' id='word_1_228' title='bbox 303 3170 318 3195; x_wconf 78' lang='lat'><strong>‘⁴</strong></span> <span class='ocrx_word' id='word_1_229' title='bbox 341 3173 481 3241; x_wconf 63' lang='lat' dir='ltr'><strong>placenter</strong></span> <span class='ocrx_word' id='word_1_230' title='bbox 501 3165 660 3244; x_wconf 80' lang='lat' dir='ltr'><strong>egrederis,</strong></span> <span class='ocrx_word' id='word_1_231' title='bbox 675 3165 748 3224; x_wconf 89' lang='lat' dir='ltr'><strong>dum</strong></span> <span class='ocrx_word' id='word_1_232' title='bbox 763 3164 900 3235; x_wconf 71' lang='lat' dir='ltr'><strong>Remum,</strong></span> <span class='ocrx_word' id='word_1_233' title='bbox 914 3183 976 3225; x_wconf 88' lang='lat' dir='ltr'><strong>non</strong></span> <span class='ocrx_word' id='word_1_234' title='bbox 996 3172 1160 3245; x_wconf 62' lang='lat' dir='ltr'><strong>expectem</strong></span> <span class='ocrx_word' id='word_1_235' title='bbox 1172 3165 1265 3228; x_wconf 81' lang='lat' dir='ltr'><strong>licon·</strong></span> 
     </span>
    </p>

    <p class='ocr_par' dir='ltr' id='par_1_21' title="bbox 303 3257 1266 3341">
     <span class='ocr_line' id='line_1_29' title="bbox 303 3257 1266 3341; baseline 0.004 -24"><span class='ocrx_word' id='word_1_236' title='bbox 303 3261 319 3289; x_wconf 82' lang='lat'>“</span> <span class='ocrx_word' id='word_1_237' title='bbox 340 3258 385 3317; x_wconf 78' lang='lat' dir='ltr'><strong>tis</strong></span> <span class='ocrx_word' id='word_1_238' title='bbox 406 3257 479 3337; x_wconf 81' lang='lat' dir='ltr'><strong>ejus,</strong></span> <span class='ocrx_word' id='word_1_239' title='bbox 498 3263 529 3319; x_wconf 84' lang='lat' dir='ltr'><strong>te</strong></span> <span class='ocrx_word' id='word_1_240' title='bbox 551 3258 666 3319; x_wconf 86' lang='lat' dir='ltr'><strong>iturum</strong></span> <span class='ocrx_word' id='word_1_241' title='bbox 687 3259 821 3320; x_wconf 78' lang='lat' dir='ltr'><strong>mineris.</strong></span> <span class='ocrx_word' id='word_1_242' title='bbox 876 3257 1057 3322; x_wconf 81' lang='lat' dir='ltr'><strong>Iusuditum</strong></span> <span class='ocrx_word' id='word_1_243' title='bbox 1088 3259 1203 3341; x_wconf 77' lang='lat' dir='ltr'><strong>quippo</strong></span> <span class='ocrx_word' id='word_1_244' title='bbox 1230 3257 1266 3321; x_wconf 81' lang='lat' dir='ltr'><strong>iu</strong></span> 
     </span>
    </p>

    <p class='ocr_par' dir='ltr' id='par_1_22' title="bbox 304 3352 1260 3430">
     <span class='ocr_line' id='line_1_30' title="bbox 304 3352 1260 3430; baseline 0.007 -21"><span class='ocrx_word' id='word_1_245' title='bbox 304 3357 319 3381; x_wconf 82' lang='lat'><strong>‘¹</strong></span> <span class='ocrx_word' id='word_1_246' title='bbox 340 3370 436 3428; x_wconf 77' lang='lat' dir='ltr'><strong>regno</strong></span> <span class='ocrx_word' id='word_1_247' title='bbox 464 3371 519 3411; x_wconf 87' lang='lat' dir='ltr'><strong>suu</strong></span> <span class='ocrx_word' id='word_1_248' title='bbox 546 3359 600 3422; x_wconf 82' lang='lat' dir='ltr'><strong>ost,</strong></span> <span class='ocrx_word' id='word_1_249' title='bbox 621 3359 655 3412; x_wconf 90' lang='lat' dir='ltr'><strong>et</strong></span> <span class='ocrx_word' id='word_1_250' title='bbox 683 3352 788 3412; x_wconf 84' lang='lat' dir='ltr'><strong>usibus</strong></span> <span class='ocrx_word' id='word_1_251' title='bbox 816 3353 882 3430; x_wconf 85' lang='lat' dir='ltr'><strong>ejus</strong></span> <span class='ocrx_word' id='word_1_252' title='bbox 909 3353 1035 3414; x_wconf 85' lang='lat' dir='ltr'><strong>omnino</strong></span> <span class='ocrx_word' id='word_1_253' title='bbox 1061 3352 1260 3425; x_wconf 65' lang='lat' dir='ltr'><strong>coeundum.</strong></span> 
     </span>
    </p>

    <p class='ocr_par' dir='ltr' id='par_1_23' title="bbox 303 3440 1264 3527">
     <span class='ocr_line' id='line_1_31' title="bbox 303 3440 1264 3527; baseline 0.004 -25"><span class='ocrx_word' id='word_1_254' title='bbox 303 3448 319 3473; x_wconf 78' lang='lat'><strong>&#39;⁴</strong></span> <span class='ocrx_word' id='word_1_255' title='bbox 340 3441 506 3522; x_wconf 90' lang='lat' dir='ltr'><strong>quemlibet</strong></span> <span class='ocrx_word' id='word_1_256' title='bbox 531 3442 568 3504; x_wconf 88' lang='lat' dir='ltr'><strong>do</strong></span> <span class='ocrx_word' id='word_1_257' title='bbox 589 3444 653 3504; x_wconf 85' lang='lat' dir='ltr'><strong>uuis</strong></span> <span class='ocrx_word' id='word_1_258' title='bbox 674 3443 872 3526; x_wconf 82' lang='lat' dir='ltr'><strong>principibus,</strong></span> <span class='ocrx_word' id='word_1_259' title='bbox 892 3450 926 3506; x_wconf 86' lang='lat' dir='ltr'><strong>ot</strong></span> <span class='ocrx_word' id='word_1_260' title='bbox 951 3443 1167 3527; x_wconf 62' lang='lat' dir='ltr'><strong>proecipuus,</strong></span> <span class='ocrx_word' id='word_1_261' title='bbox 1186 3440 1264 3527; x_wconf 74' lang='lat' dir='ltr'><strong>quid</strong></span> 
     </span>
    </p>

    <p class='ocr_par' dir='ltr' id='par_1_24' title="bbox 303 3537 1265 3622">
     <span class='ocr_line' id='line_1_32' title="bbox 303 3537 1265 3622; baseline 0.007 -26"><span class='ocrx_word' id='word_1_262' title='bbox 303 3542 319 3569; x_wconf 81' lang='lat'><strong>‘¹</strong></span> <span class='ocrx_word' id='word_1_263' title='bbox 340 3537 401 3597; x_wconf 85' lang='lat' dir='ltr'><strong>tulo</strong></span> <span class='ocrx_word' id='word_1_264' title='bbox 435 3556 624 3618; x_wconf 72' lang='lat' dir='ltr'><strong>presumere</strong></span> <span class='ocrx_word' id='word_1_265' title='bbox 686 3538 735 3602; x_wconf 87' lang='lat' dir='ltr'><strong>No</strong></span> <span class='ocrx_word' id='word_1_266' title='bbox 777 3538 873 3621; x_wconf 84' lang='lat' dir='ltr'><strong>igitur</strong></span> <span class='ocrx_word' id='word_1_267' title='bbox 907 3538 941 3601; x_wconf 86' lang='lat' dir='ltr'><strong>in</strong></span> <span class='ocrx_word' id='word_1_268' title='bbox 979 3537 1190 3622; x_wconf 78' lang='lat' dir='ltr'><strong>hujuscemodi</strong></span> <span class='ocrx_word' id='word_1_269' title='bbox 1230 3556 1265 3603; x_wconf 70' lang='lat' dir='ltr'>n</span> 
     </span>
    </p>

    <p class='ocr_par' dir='ltr' id='par_1_25' title="bbox 304 3629 1264 3712">
     <span class='ocr_line' id='line_1_33' title="bbox 304 3629 1264 3712; baseline 0.011 -26"><span class='ocrx_word' id='word_1_270' title='bbox 304 3637 320 3663; x_wconf 81' lang='lat'><strong>¹¹</strong></span> <span class='ocrx_word' id='word_1_271' title='bbox 340 3629 423 3691; x_wconf 77' lang='lat' dir='ltr'><strong>ultre</strong></span> <span class='ocrx_word' id='word_1_272' title='bbox 450 3631 499 3691; x_wconf 87' lang='lat' dir='ltr'><strong>vel</strong></span> <span class='ocrx_word' id='word_1_273' title='bbox 525 3651 545 3693; x_wconf 80' lang='lat' dir='ltr'><strong>s</strong></span> <span class='ocrx_word' id='word_1_274' title='bbox 573 3639 612 3704; x_wconf 86' lang='lat' dir='ltr'><strong>te,</strong></span> <span class='ocrx_word' id='word_1_275' title='bbox 633 3632 684 3693; x_wconf 83' lang='lat' dir='ltr'><strong>vel</strong></span> <span class='ocrx_word' id='word_1_276' title='bbox 711 3653 731 3694; x_wconf 82' lang='lat' dir='ltr'><strong>s</strong></span> <span class='ocrx_word' id='word_1_277' title='bbox 758 3634 869 3712; x_wconf 84' lang='lat' dir='ltr'><strong>quevis</strong></span> <span class='ocrx_word' id='word_1_278' title='bbox 896 3634 967 3707; x_wconf 80' lang='lat' dir='ltr'><strong>ulie,</strong></span> <span class='ocrx_word' id='word_1_279' title='bbox 1003 3640 1036 3694; x_wconf 77' lang='lat' dir='ltr'><strong>te</strong></span> <span class='ocrx_word' id='word_1_280' title='bbox 1063 3634 1167 3696; x_wconf 76' lang='lat' dir='ltr'><strong>tonsu</strong></span> <span class='ocrx_word' id='word_1_281' title='bbox 1192 3650 1264 3697; x_wconf 78' lang='lat' dir='ltr'><strong>cun</strong></span> 
     </span>
    </p>

    <p class='ocr_par' dir='ltr' id='par_1_26' title="bbox 302 3720 1266 3808">
     <span class='ocr_line' id='line_1_34' title="bbox 302 3720 1266 3808; baseline 0.01 -29"><span class='ocrx_word' id='word_1_282' title='bbox 302 3726 318 3751; x_wconf 87' lang='lat'><strong>&#39;¹</strong></span> <span class='ocrx_word' id='word_1_283' title='bbox 339 3720 371 3779; x_wconf 89' lang='lat' dir='ltr'><strong>iu</strong></span> <span class='ocrx_word' id='word_1_284' title='bbox 405 3720 508 3802; x_wconf 79' lang='lat' dir='ltr'><strong>sliquo</strong></span> <span class='ocrx_word' id='word_1_285' title='bbox 542 3722 634 3786; x_wconf 73' lang='lat' dir='ltr'><strong>meus</strong></span> <span class='ocrx_word' id='word_1_286' title='bbox 669 3724 763 3786; x_wconf 82' lang='lat' dir='ltr'><strong>suerit</strong></span> <span class='ocrx_word' id='word_1_287' title='bbox 797 3725 913 3787; x_wconf 73' lang='lat' dir='ltr'><strong>imitui</strong></span> <span class='ocrx_word' id='word_1_288' title='bbox 949 3723 1082 3801; x_wconf 77' lang='lat' dir='ltr'><strong>volente,</strong></span> <span class='ocrx_word' id='word_1_289' title='bbox 1109 3725 1266 3808; x_wconf 63' lang='lat' dir='ltr'><strong>nuptus.</strong></span> 
     </span>
    </p>

    <p class='ocr_par' dir='ltr' id='par_1_27' title="bbox 301 3815 1265 3905">
     <span class='ocr_line' id='line_1_35' title="bbox 301 3815 1265 3905; baseline 0.011 -29"><span class='ocrx_word' id='word_1_290' title='bbox 301 3816 318 3847; x_wconf 82' lang='lat'><strong>‘¹</strong></span> <span class='ocrx_word' id='word_1_291' title='bbox 340 3815 408 3877; x_wconf 83' lang='lat' dir='ltr'><strong>vult</strong></span> <span class='ocrx_word' id='word_1_292' title='bbox 438 3823 470 3880; x_wconf 89' lang='lat' dir='ltr'><strong>ot</strong></span> <span class='ocrx_word' id='word_1_293' title='bbox 493 3817 585 3899; x_wconf 80' lang='lat' dir='ltr'><strong>jubet</strong></span> <span class='ocrx_word' id='word_1_294' title='bbox 612 3820 760 3901; x_wconf 74' lang='lat' dir='ltr'><strong>qustiuus</strong></span> <span class='ocrx_word' id='word_1_295' title='bbox 790 3828 847 3885; x_wconf 78' lang='lat' dir='ltr'><strong>sut</strong></span> <span class='ocrx_word' id='word_1_296' title='bbox 870 3820 1073 3904; x_wconf 74' lang='lat' dir='ltr'><strong>jurejurmdo</strong></span> <span class='ocrx_word' id='word_1_297' title='bbox 1100 3820 1265 3905; x_wconf 72' lang='lat' dir='ltr'><strong>pronius·</strong></span> 
     </span>
    </p>
   </div>
   <div class='ocr_carea' id='block_1_3' title="bbox 682 4164 891 4229">
    <p class='ocr_par' dir='ltr' id='par_1_28' title="bbox 682 4164 891 4229">
     <span class='ocr_line' id='line_1_36' title="bbox 682 4164 891 4229; baseline -0.053 1"><span class='ocrx_word' id='word_1_298' title='bbox 682 4164 891 4229; x_wconf 52' lang='lat' dir='ltr'><strong>&#39;vome</strong></span> 
     </span>
    </p>
   </div>
   <div class='ocr_carea' id='block_1_4' title="bbox 1080 4240 1143 4302">
    <p class='ocr_par' dir='ltr' id='par_1_29' title="bbox 1080 4240 1143 4302">
     <span class='ocr_line' id='line_1_37' title="bbox 1080 4240 1143 4302; baseline -0.032 0"><span class='ocrx_word' id='word_1_299' title='bbox 1080 4240 1143 4302; x_wconf 77' lang='grc' dir='ltr'>Η</span> 
     </span>
    </p>
   </div>
   <div class='ocr_carea' id='block_1_5' title="bbox 0 0 1577 4890">
    <p class='ocr_par' dir='ltr' id='par_1_30' title="bbox 0 0 1577 4890">
     <span class='ocr_line' id='line_1_38' title="bbox 0 0 1577 4890; baseline 0 0"><span class='ocrx_word' id='word_1_300' title='bbox 0 0 1577 4890; x_wconf 95' lang='lat' dir='ltr'><strong> </strong></span> 
     </span>
    </p>
   </div>
  </div>
 </body>
</html>
