3150 4994
188 507 285 570 mxiv
474 519 633 568 urrunnu
654 519 695 566 ro
716 517 860 564 rsrsscn

190 702 284 763 nuos,
298 708 330 753 ut
348 718 407 754 suni
430 717 477 769 por
490 701 587 767 grsdus
607 699 704 767 quibus
723 697 931 750 descendebatur
951 696 980 749 in
994 697 1146 749 cubiculum

190 780 250 847 ojus
278 799 324 849 por
345 798 451 833 monum
480 797 513 832 ne
544 781 611 832 sorte
634 779 779 831 ostenderet
799 784 966 830 sustenturot
1008 779 1058 831 cui
1085 794 1146 829 oum

193 863 351 915 ronenbiiis
372 869 446 929 pstor
466 861 591 930 prirntim
612 860 713 912 diuerst
733 865 765 911 ut
784 865 862 911 nocte
881 859 1026 911 dormitum
1047 860 1099 912 iret
1119 864 1148 911 ot

193 960 222 996 ss
242 945 326 995 solum
347 943 514 1010 relinqueret,
536 941 673 994 reeussbst
693 941 748 1000 iilo.
763 940 863 1001 diosus.
885 942 1002 1001 '‘Putor.
1024 941 1048 992 si
1074 941 1147 991 solus

194 1026 212 1050 ¹·
236 1025 326 1082 fueris,
350 1030 379 1074 ot
406 1023 508 1090 sliquid
528 1023 577 1074 tibi
609 1022 712 1075 sdversi
733 1022 885 1084 eontigerit.
910 1039 971 1073 oum
992 1022 1052 1083 hoe,
1075 1023 1147 1073 sumu

193 1105 212 1128 ‘⁰
232 1102 397 1169 divulgato,
419 1102 517 1170 punim
537 1101 657 1154 nuditum
679 1101 768 1160 suerit,
790 1100 892 1153 dicotur
912 1101 975 1167 quis
996 1101 1099 1167 Angios
1119 1108 1148 1152 et

193 1186 211 1210 ⁸‘
233 1202 345 1251 usqum
375 1183 511 1236 ministros
539 1183 664 1234 bubuisti.
725 1182 812 1248 bingis
839 1181 915 1234 nobis
942 1183 989 1250 qui
1010 1183 1146 1235 nobiseum

134 1307 144 1324 .
192 1266 210 1289 “
235 1264 343 1330 proiecti
364 1279 455 1314 sumus
478 1264 632 1314 conveniret
651 1263 733 1313 emori
752 1278 832 1330 quum
850 1263 957 1314 deberes
978 1263 1052 1324 elidi,
1074 1263 1144 1313 oeei·

192 1347 211 1372 “
233 1345 295 1398 dere
322 1347 363 1397 roi
391 1343 456 1411 quid
484 1344 588 1396 sdverd
618 1344 695 1396 nobis
722 1343 876 1396 obsentibus
906 1343 1016 1412 perpeti.
1058 1343 1145 1409 Quuro

192 1429 210 1452 ‘⁸
233 1432 361 1492 quuntuur
383 1425 433 1477 tibi
453 1426 583 1492 piseuerit
612 1427 765 1482 lomentum.
792 1431 821 1476 et
850 1425 936 1476 Deum
966 1441 1073 1492 proesre
1092 1441 1146 1491 qus

192 1510 212 1534 ⁸⁸
235 1507 326 1573 iinguu
353 1513 381 1561 st
401 1523 464 1560 vooo
492 1506 615 1566 volueris.
643 1506 706 1572 quis
736 1510 807 1558 certe
834 1507 919 1556 solum
941 1512 968 1557 to
996 1523 1049 1557 non
1072 1506 1145 1557 dore·

193 1593 211 1616 '‘
234 1591 351 1657 linqusm
372 1597 400 1641 et
419 1607 479 1657 qum
500 1589 593 1642 seueris
612 1589 678 1641 buno
702 1589 793 1640 eolubo
812 1588 896 1640 donee
924 1589 1048 1640 vixeris.”
1100 1588 1145 1642 Sie

192 1671 337 1723 moumbur
357 1687 432 1721 suum
457 1685 593 1721 nmsners
618 1668 751 1728 tuebstur,
772 1674 800 1719 et
821 1669 981 1721 venerubiiis
1005 1674 1079 1735 puter
1103 1670 1147 1719 his

192 1752 270 1806 sseiie
289 1750 476 1821 sequieseobst
519 1751 668 1804 Erotenim
691 1749 848 1802 mitissimus
861 1749 999 1802 bominum
1015 1750 1057 1801 sui
1079 1755 1144 1803 tem·

192 1835 273 1902 poris.
298 1842 330 1886 ut
357 1841 431 1902 puto,
452 1834 499 1901 qui
528 1833 684 1885 bubitsbsut
712 1834 740 1885 in
771 1839 848 1885 tem„
901 1833 1026 1885 Scientin
1055 1839 1144 1886 sutem

192 1921 273 1982 steine
301 1914 429 1966 doctriua
457 1931 536 1980 quum
567 1913 648 1964 suerit
676 1913 806 1964 mirabilis
826 1913 1037 1966 snimsdrortere
1058 1920 1147 1980 potest

191 1997 238 2067 qui
258 1995 315 2066 ejus
336 1996 472 2050 volumius
501 1995 603 2063 legerit
645 1993 763 2062 Qundnrn
794 1994 883 2063 ituqno
907 1995 951 2047 dio
974 2012 1035 2047 eum
1056 1994 1093 2046 ibi
1114 2012 1145 2046 ex

192 2097 266 2134 more
289 2081 402 2132 erutioni
436 2080 586 2132 intenderet
607 2080 721 2131 rusticus
752 2085 860 2144 regente
881 2078 975 2131 bseuio
995 2078 1070 2131 venit
1100 2076 1146 2146 qui

191 2177 220 2213 ss
248 2177 296 2228 pro
324 2160 423 2213 foribus
452 2159 593 2227 projiciens
623 2160 736 2211 eismnre
760 2159 857 2226 empit:
889 2160 1031 2212 “Domine
1060 2160 1146 2211 urchi·

193 2245 211 2270 “
229 2243 358 2312 episeopo,
393 2241 473 2296 reddo
513 2241 580 2294 mibi
627 2242 715 2293 iumen
750 2240 886 2292 oculorum
927 2241 998 2308 quod
1039 2240 1146 2293 smisi.”

194 2327 345 2392 Esdumque
365 2326 462 2392 sapin·
483 2332 605 2391 repetens
625 2322 836 2391 inquietudinem
858 2324 1010 2390 generabst
1062 2322 1146 2389 Cujus

193 2406 307 2458 eiumors
337 2422 399 2457 oum
432 2404 589 2456 ronersbilis
624 2410 699 2470 puter
730 2404 811 2454 tudio
839 2405 995 2464 sffieoretun
1020 2405 1147 2471 prneepit

115 2512 120 2524 ·
191 2486 343 2540 Alexandro
370 2492 401 2539 ut
421 2486 523 2540 rideret
551 2485 615 2552 quid
636 2501 721 2537 esusu
746 2485 856 2537 bsberet
885 2485 931 2552 qui
953 2485 991 2538 sio
1012 2484 1146 2538 olumurot.

192 2570 286 2635 lisque
318 2569 352 2620 sd
383 2570 479 2620 ostium
515 2569 659 2619 monachus
689 2567 821 2628 nenessit3
857 2568 985 2620 rusticum
1021 2568 1145 2622 invenem

138 2697 144 2708 ,
192 2648 226 2715 [i
247 2649 371 2714 inveniti
393 2649 457 2716 quid
489 2655 619 2715 quereret
649 2648 782 2714 quesivit,
804 2648 926 2708 nudivit;
955 2649 1044 2711 rediit,
1066 2649 1145 2710 dixit,

193 2733 211 2757 ‘⁴
224 2731 348 2785 Rusticus
368 2738 409 2785 ost
431 2748 529 2800 psuper
549 2729 595 2797 qui
616 2732 713 2782 smisso
734 2729 834 2782 lumine
855 2729 989 2783 oculorum
1013 2733 1147 2800 suppliest

192 2815 211 2838 ‘⁸
233 2821 263 2864 ut
289 2816 313 2865 ei
335 2830 413 2879 super
436 2815 525 2863 oeulos
554 2829 661 2863 monum
690 2813 803 2877 ponatis.
826 2813 889 2877 qnin
908 2813 1019 2863 contidit
1040 2814 1067 2864 in
1091 2816 1147 2866 Deo

165 2949 171 2962 ⁶
192 2894 210 2917 '¹
233 2894 344 2944 ulterius
362 2911 417 2944 sese
432 2893 526 2944 meiius
540 2892 720 2943 bsbiturum.''
763 2891 801 2941 At
816 2891 870 2950 iilo.
883 2894 900 2914 '¹
911 2891 1034 2952 Adduc‚''
1049 2892 1146 2957 inquit,

192 2977 210 3000 ¹⁴
225 2992 285 3029 sum
315 2981 343 3028 et
373 2977 470 3028 ostium
501 2973 620 3027 olsudo.'’
677 2973 758 3032 Fecit.
788 2979 816 3025 et
846 2972 1027 3025 introductum
1058 2989 1146 3026 seeum

191 3073 278 3109 uorum
298 3075 330 3109 eo
350 3060 451 3109 utstuit
506 3057 557 3120 Qui
577 3058 679 3108 elerstn
708 3072 788 3106 mnnu
810 3062 883 3106 stone
903 3056 1040 3121 ponlulum
1062 3056 1150 3107 oruuit

191 3141 221 3188 ot
239 3135 315 3202 siguo
339 3141 436 3188 sunotm
464 3135 549 3187 erucis
570 3136 659 3187 oouios
682 3141 796 3186 emostis
819 3135 944 3200 signavit.
988 3136 1027 3186 1¹11
1052 3134 1148 3201 quibus

194 3236 255 3272 mox
275 3218 417 3288 spissitudo
441 3225 471 3272 ut
493 3235 602 3286 squsms
626 3217 739 3270 ubertim
768 3216 887 3269 diffluere
911 3218 1000 3286 ompit
1044 3216 1147 3269 Deinde

196 3301 473 3369 prueepitlmonseho
492 3318 588 3368 squm
609 3301 659 3352 sibi
683 3300 848 3353 benedictum
872 3302 974 3356 offerre.
1017 3301 1100 3361 Fecit,
1121 3307 1150 3354 ot
1236 3345 1238 3348 Α

194 3381 297 3433 iiiutum
317 3396 396 3448 super
417 3380 505 3432 oeulos
528 3381 587 3445 ejus
611 3380 731 3447 projecit,
754 3381 844 3446 sieque
866 3382 942 3431 ilium
964 3380 1053 3432 reduci
1079 3397 1145 3447 prm·

194 3463 272 3534 oepit
314 3452 406 3518 Puruit
432 3462 577 3514 monsebus
606 3462 735 3529 illumque
762 3461 889 3513 miscens
913 3462 982 3514 dixit
1010 3467 1041 3513 ut
1068 3460 1091 3514 si
1119 3463 1147 3513 in

193 3548 310 3599 mnino
330 3546 425 3599 meiius
445 3562 498 3597 uuu
513 3545 621 3597 heberet
641 3545 674 3597 sd
695 3562 723 3596 so
743 3544 850 3605 rediret.
865 3544 928 3611 quin
947 3562 1008 3598 eum
1029 3545 1063 3598 ud
1083 3562 1147 3613 pon·

194 3627 274 3682 unci·
287 3626 497 3679 benedictionem
512 3626 607 3676 iterum
622 3624 712 3676 venire
726 3625 830 3676 suoeret.
866 3625 917 3688 Qui
932 3627 979 3686 nit,
996 3629 1012 3650 ‘¹
1023 3627 1147 3687 Domine,

194 3711 213 3736 ‘⁸
235 3710 291 3763 Dte
311 3707 420 3777 grstia,
438 3707 495 3777 jum
517 3707 609 3770 ride05
639 3706 792 3759 imnmiiotus
815 3705 938 3759 (lominus
961 3724 1035 3761 mour
1059 3709 1148 3761 urchi·

194 3794 213 3818 ‘¹
235 3793 373 3860 episeopus
395 3793 442 3860 qui
476 3790 543 3842 mibi
568 3807 643 3842 susm
675 3790 885 3843 benedictionem
919 3808 952 3844 ex
988 3790 1037 3845 Dei
1072 3799 1148 3860 purte

193 3874 213 3924 ’ἔ
235 3872 378 3939 porrexit.’'
413 3872 503 3923 Intus
525 3871 608 3936 igitur
628 3872 744 3930 recessit,
759 3872 847 3937 pulsm
867 3874 1011 3923 enuntians
1031 3874 1148 3938 qusiiter

192 3953 319 4008 surium
351 3953 440 4007 lumen
470 3953 605 4022 ruoopurit
656 3952 723 4005 Cum
754 3968 815 4004 roro
842 3949 987 4005 dussimus
1017 3955 1147 4022 espsllurn

191 4035 362 4103 westou
389 4037 515 4103 praespit
545 4035 676 4088 monsobo
706 4052 740 4087 ns
771 4035 814 4086 oui
850 4034 1002 4102 loqueretur
1035 4036 1069 4090 du
1099 4038 1150 4092 boo
