3136 4890
98 490 156 550 180
307 497 457 548 HISTORIA
477 498 636 546 revolabat
657 497 691 544 m
712 496 838 546 moola.

1 683 74 727 w
99 670 193 746 bellis,
214 672 251 735 de
271 672 398 734 urbibus
417 671 522 754 captis,
536 670 573 732 de
594 670 657 732 situ
678 668 819 743 locorum,
834 666 962 748 aliisque
982 684 1058 729 non·

100 767 192 829 nullis
226 787 294 848 quoe
329 767 362 828 in
396 766 589 848 expeditione
621 763 863 826 lerosolimitaua
893 765 1057 843 acceperat,
1071 753 1194 808 *Μ*

100 860 271 923 delectabili
301 860 483 924 allocutione
511 857 672 934 disseruit;
701 857 781 938 quod
810 856 921 919 miritae
941 860 1060 919 sancte·

100 975 167 1015 rum
188 955 331 1036 reliquias
352 954 487 1026 haberet,
508 973 627 1037 quoque
649 953 738 1015 modo
765 972 816 1014 aas
842 953 971 1032 adeptus
996 950 1059 1012 sue·

100 1048 149 1121 rit,
176 1048 303 1130 aperuit
346 1050 384 1110 In
413 1048 532 1131 quibus,
564 1048 657 1110 immo
691 1067 781 1128 super
815 1046 955 1110 omnibus
986 1064 1062 1126 quas
1233 1103 1235 1106 Α
1291 1108 1294 1113 ,

99 1141 239 1219 habebat,
252 1144 402 1227 praecipue
415 1143 564 1226 gloriatus
584 1147 632 1205 est
652 1141 690 1203 de
704 1132 821 1223 capillis
835 1141 939 1203 Boeo
954 1139 1062 1201 listris
1136 1154 1138 1160 ·
1303 1203 1307 1211 ,

98 1236 156 1299 Dei
178 1238 293 1312 Metire,
313 1257 441 1318 quonum
462 1237 580 1317 aliquos
600 1236 659 1298 sibi
683 1235 770 1298 datos
790 1235 909 1297 ferebat
928 1254 948 1296 a
967 1233 1062 1315 patri-

97 1328 188 1392 archa
209 1330 408 1402 Antiocheno,
428 1330 519 1392 ubi
511 1350 575 1412 ipse
607 1329 818 1410 magistratum
843 1326 977 1389 militum
1004 1325 1062 1386 sub

99 1422 274 1485 Boemundo
295 1423 412 1534 agebat
455 1422 496 1483 Et
516 1422 556 1484 ad
583 1421 649 1485 hmo
674 1420 817 1494 intulit,
818 1421 901 1482 Hos
928 1418 1061 1501 capillos,

99 1518 240 1594 “,sateor
270 1519 420 1600 suscipere
455 1537 546 1580 ausus
581 1538 643 1580 nou
677 1518 809 1590 fuissem,
840 1517 866 1577 si
896 1537 944 1579 me
978 1534 1063 1577 amor
1156 1553 1159 1560 -

99 1618 116 1644 ‘¹
137 1613 244 1693 patriae
264 1613 391 1674 istius
382 1633 416 1673 ιιι
445 1632 506 1692 qua
529 1618 621 1673 natus
642 1611 686 1672 sui
717 1617 750 1673 et
779 1611 925 1674 educatus
944 1610 984 1670 ad
1005 1609 1062 1671 hec

99 1711 116 1739 ‘¹
136 1725 198 1768 nou
218 1707 389 1769 animasset
431 1706 596 1786 Sperabam
624 1707 705 1767 enim
733 1726 781 1767 me
802 1704 862 1768 huc
882 1703 1061 1785 quandoque

100 1805 116 1832 '⁸
137 1806 361 1880 perventurum,
381 1805 414 1860 ct
435 1799 508 1880 ipsis
528 1799 607 1860 hane
631 1820 728 1860 meam
757 1799 887 1878 petriam
918 1797 1061 1858 sublima·

39 1968 42 1974 Ι
100 1898 116 1925 ‘⁴
138 1898 248 1955 turum
291 1892 441 1969 Quoniam
476 1893 572 1973 igitur
606 1892 660 1953 illa
689 1912 751 1972 spe,
779 1897 956 1972 protegente
988 1888 1061 1963 Deo,

100 1992 116 2018 ‘¹
137 1985 298 2046 fraudatus
318 2005 380 2047 non
401 2005 478 2056 sum,
492 1985 568 2044 duos
588 2004 626 2046 cx
649 1985 721 2064 ipsis
742 1984 814 2046 huie
834 1983 972 2054 ecclesiae,
993 2003 1062 2063 quie

100 2085 117 2111 ‘⁸
137 2080 233 2140 totius
248 2079 445 2140 Norinanuim
464 2078 669 2160 principatum
687 2077 806 2139 obtinet
820 2077 1062 2141 Christianitatis

100 2179 116 2205 ‘⁸
135 2172 206 2234 dare
237 2171 381 2253 disposui,
401 2171 477 2234 duos
508 2171 640 2234 abbatiae
674 2172 761 2234 Booti
784 2172 865 2234 Petri
895 2178 928 2234 ct
956 2171 1061 2235 Sancti

99 2273 115 2298 ‘⁸
136 2265 283 2339 dedecui,
296 2265 372 2328 dues
393 2266 576 2328 monasterio
597 2266 732 2346 ejusdcm
748 2265 884 2348 Virginis
898 2266 1062 2348 virgiuum,

99 2366 114 2393 ⁸·
135 2359 168 2420 in
187 2379 248 2440 quo
276 2359 333 2421 sub
364 2366 417 2422 tuo
442 2360 610 2440 patrocinio
629 2359 668 2421 ad
690 2365 812 2421 oetatcm
833 2359 965 2421 hominis
993 2379 1060 2440 pre·

99 2460 115 2486 ‘⁴
134 2460 240 2516 vectus
270 2474 346 2525 sum,
367 2460 400 2516 et
431 2454 507 2516 duos
536 2455 602 2516 tibi.
645 2454 810 2516 Duodecim
832 2454 913 2515 euim
935 2474 1062 2516 numero

100 2555 115 2579 ‘¹
135 2548 173 2608 de
204 2548 264 2608 illis
293 2547 367 2608 mibi
404 2548 551 2626 praefatus
581 2547 737 2628 episcopus
766 2548 860 2619 dedit,
889 2553 1062 2610 contestans

100 2647 117 2673 ‘¹
137 2641 205 2702 illos
236 2641 276 2703 ab
305 2642 371 2721 ipsa
402 2641 534 2703 Domina
564 2641 687 2702 sibimet
717 2642 848 2713 evulsor,
869 2662 945 2714 cum,
969 2642 1063 2722 juxta
1140 2688 1141 2691 η

99 2743 115 2768 “
136 2756 252 2799 crucem
281 2735 352 2797 Filii
387 2737 433 2796 eui
469 2743 560 2808 stane,
588 2736 707 2817 gladius
738 2736 870 2798 animam
902 2737 966 2817 ojus
995 2757 1062 2818 por·

100 2838 115 2863 ⁰
137 2830 288 2903 transivit,
307 2831 471 2893 secundum
493 2829 574 2910 quod
599 2830 632 2890 in
653 2830 846 2910 antiquarum
869 2831 1063 2906 monimentis
1289 2871 1308 2904 .v
1328 2848 1344 2856 ⁴·

99 2933 115 2958 ‘¹
136 2926 315 2996 litterarum,
336 2946 405 3005 quse
425 2945 542 3004 magum
567 2925 758 2986 auctoritatis
778 2925 860 3004 apud
883 2925 950 2985 illos
971 2925 1062 2986 habo-

100 3027 115 3051 “
136 3019 256 3091 bantur,
277 3025 308 3081 et
328 3019 361 3079 in
382 3019 514 3080 archivis
535 3017 666 3081 ecclesio·
688 3020 736 3081 cui
759 3019 941 3098 prresidebat
960 3039 1061 3081 serva·
1293 3023 1311 3088 ξ

100 3119 115 3145 “
136 3112 256 3185 bantm,
276 3113 357 3175 sicut
376 3113 541 3184 astruebat,
562 3112 707 3192 scriptum
729 3112 887 3192 repperit’‘
929 3113 970 3173 Et
997 3113 1063 3176 haec

101 3205 157 3267 ille,
200 3207 299 3287 Super
326 3206 437 3286 quibus
473 3204 634 3266 Anselmus
669 3205 832 3266 admodum
867 3205 1062 3280 exhilaratus,

101 3300 176 3360 actis
195 3318 263 3362 cum
285 3298 427 3379 pontifice
448 3297 664 3378 Retomegensi
686 3304 718 3359 ot
733 3298 911 3360 Bocmuudo
930 3319 967 3362 ac
981 3300 1062 3361 Iero-

100 3391 279 3452 solimitanis
300 3411 368 3471 qum
388 3392 584 3460 videbantur,
599 3391 725 3472 agenda,
739 3392 867 3454 Boccm
888 3394 1060 3455 revertitur.
1072 3422 1195 3474 um,

100 3483 144 3544 At
163 3485 259 3545 crines
290 3483 327 3544 de
356 3484 467 3562 quibus
497 3484 660 3564 praedictus
690 3484 776 3545 miles
806 3484 925 3547 locutus
952 3486 1061 3560 lucrat,

100 3575 242 3655 quoniam
271 3574 404 3649 carnoti,
430 3575 481 3636 ubi
512 3576 628 3638 familia
656 3583 688 3639 et
717 3597 794 3658 pene
824 3583 890 3639 tota
924 3578 1060 3660 supellex

101 3668 268 3731 Beemundi
303 3668 432 3730 reditum
466 3668 532 3750 ejus
572 3669 811 3749 pucstolabatur,
846 3679 1059 3745 remanserant,

101 3763 184 3825 missi
204 3763 244 3826 ab
263 3763 483 3845 archiepboepo
504 3764 717 3846 Rotomsgensi
729 3764 771 3828 ‘et
789 3764 900 3829 abbate
917 3766 1060 3830 Beccensi

101 3859 231 3942 relign'oai
252 3858 366 3922 ordinis
387 3858 446 3919 viri
467 3866 540 3921 sunt
560 3859 613 3938 qui
634 3858 702 3921 illos
723 3859 884 3923 deterrent
927 3860 970 3922 Et
996 3861 1058 3925 fac·

101 3958 167 4014 tum
187 3958 241 4015 est
282 3952 604 4033 appropinquantibus
631 3953 749 4034 eisqui
776 3973 852 4036 quos
873 3954 1060 4037 Rotomagus

100 4045 209 4111 babere
229 4046 359 4111 debeliat
378 4046 581 4127 apportabant
600 4045 657 4128 ipsi
679 4039 1059 4131 commedendum
