3136 4890
116 379 158 439 42
333 389 659 438 moronuuoronuu
681 387 863 435 russeus
945 407 950 422 ·

10 591 87 635 ,ιι
114 569 199 630 tibus
228 564 498 646 iutura¹eonjecit
518 569 552 624 et
580 563 654 643 quia
684 562 796 624 multas
826 562 860 622 in
892 561 1074 643 pontificatu

113 664 274 745 angustias
314 660 391 721 toret
430 677 571 739 psssunrs
606 656 760 719 intellexit
793 661 886 736 atque
920 655 1073 736 praedixit

114 757 269 821 decedens
298 753 400 833 itaque
430 751 470 812 sd
500 769 614 811 novum
643 749 761 830 sibique
792 749 949 810 insolitum
978 770 1074 830 genua

114 848 268 914 serviendi
283 847 362 919 Deo,
378 843 470 924 juxa
490 842 681 905 Salomonem
708 842 810 902 ebibet
839 841 872 901 in
905 843 1021 914 timore,
1042 850 1075 906 et
1106 867 1108 871 ·

115 941 308 1027 praeparabat
340 937 473 998 animam
507 954 594 996 suam
628 934 667 995 ad
702 934 941 1015 temptationem,
979 937 1077 998 sciens
1151 936 1179 1000 s

114 1056 219 1100 omnes
247 1032 297 1113 pie
328 1029 464 1090 volentes
495 1028 528 1087 in
555 1026 678 1088 Christe
708 1026 812 1087 vivero
841 1025 1071 1090 tribulationem
1101 1042 1107 1052 ·

112 1126 281 1194 ismario
302 1121 366 1204 pati
387 1123 532 1202 oportere.

10 1229 80 1264 ¹⁸·-
154 1223 294 1284 lnetante
314 1234 386 1276 vero
408 1219 543 1294 ternpore
571 1232 634 1275 oute
662 1213 901 1300 consecrationis,
923 1217 1010 1277 venit
1033 1237 1073 1280 ezr

10 1267 196 1380 afemore
229 1311 363 1373 Thomas
397 1306 638 1388 archiepiscopus
674 1306 870 1369 Eboracensis
905 1315 937 1371 et
971 1330 1075 1373 omncs

14 1358 65 1409 α
113 1393 247 1494 episcopi
282 1401 403 1483 Anglits
438 1400 645 1473 Cantennam,
682 1419 811 1480 eumque
847 1402 952 1465 debita
984 1401 1078 1466 cum¹

115 1499 314 1566 veneratione
334 1494 378 1556 ibi
399 1492 572 1576 pontificem
602 1511 820 1567 consecravero,
841 1496 938 1574 pridie
970 1497 1075 1560 Nonss'

115 1592 300 1660 Decembris
352 1588 422 1650 Duo
453 1594 554 1649 umen
584 1586 724 1667 episcopi,
754 1587 961 1668 Wigomensis
992 1592 1076 1654 vide·

114 1690 187 1754 licet
206 1692 240 1751 ot
261 1681 449 1753 Exoniensis,
471 1681 649 1742 infirmitate
677 1681 803 1753 detenti,
824 1681 895 1746 huic
922 1705 1075 1750 eonsecra-
1088 1696 1194 1749 lbet·

114 1783 193 1847 sioni
214 1783 360 1842 intense
381 1793 442 1836 non
464 1773 644 1848 valuerunt3
664 1774 726 1846 sed,
740 1776 860 1838 nrrneiis
881 1778 1077 1861 apicibusque
1246 1793 1250 1799 ‘

113 1876 248 1946 directis,
266 1869 436 1934 alsontiam
457 1887 544 1929 suam
574 1867 817 1948 coepiscoporum
846 1890 971 1933 suorum
1000 1896 1078 1955 prro·

93 1971 222 2035 mentire
242 1967 300 2030 hec
320 1965 352 2025 in
372 1980 464 2026 estus
490 1965 679 2042 presentem,
700 1969 732 2023 ot
760 1971 993 2028 consentaneum
1013 1969 1078 2032 sore

115 2062 385 2129 denunciaverunt
423 2057 536 2117 Verum
557 2075 627 2118 cum
647 2063 720 2118 ante
742 2058 904 2120 ordinandi
926 2062 1078 2141 pontificis

114 2156 371 2223 examinationem
402 2146 633 2211 WsIchelinus⁸
653 2149 823 2212 Wentanus
843 2153 1002 2236 episeopus
1031 2177 1078 2219 ro·

10 2268 57 2313 ts.
114 2259 193 2336 patu
213 2246 353 2312 nannet
367 2244 499 2324 episcopi
515 2243 746 2313 Lundoniensis,
760 2245 848 2324 eujus
867 2246 926 2309 hoc
946 2248 1077 2310 officium

10 2316 88 2450 Ξ
115 2352 172 2422 at,
185 2339 387 2407 eeclesiastico
407 2355 489 2397 more
510 2335 685 2398 electionem
707 2336 851 2418 scriptam
872 2340 994 2421 legeret,
1008 2363 1079 2406 mox
1184 2382 1187 2388 -

115 2438 269 2520 inprime
289 2451 379 2494 versu
399 2430 531 2491 Thomas
552 2430 757 2502 Eborseensis,
778 2433 913 2512 graviter
939 2436 1081 2512 offensus,

116 2551 184 2596 enm
204 2549 268 2593 non
285 2526 354 2608 jure
375 2524 487 2587 sectam
507 2529 690 2603 conquestus
711 2530 765 2586 est.
808 2525 888 2586 Nem
909 2547 979 2589 eum
1000 2530 1080 2592 dice·

117 2632 210 2696 nour,
230 2627 246 2654 ‘⁴
258 2619 382 2681 Fratres
402 2623 435 2679 et
463 2617 632 2696 coepiscopi
665 2618 733 2688 mei,
754 2623 864 2681 vestro
894 2620 1078 2686 fraternitati

117 2727 135 2755 ⁸⁸
154 2724 203 2780 est
222 2713 379 2795 cognitum
409 2716 559 2791 quantum
590 2710 736 2789 temporis
767 2718 814 2772 est
844 2732 882 2773 ex
914 2733 982 2792 quo,
1001 2717 1079 2778 aeci·

117 2809 300 2872 “dentibus
333 2802 428 2865 variis
463 2802 635 2872 eventibus,
667 2802 732 2865 brec
762 2803 1001 2867 Dorobemensis
1032 2829 1078 2872 ec·

118 2912 136 2940 ⁸¹
156 2903 256 2972 clonia,
284 2899 380 2961 tetius
408 2894 579 2957 summio
607 2895 849 2976 metropolitana,
873 2920 929 2961 suo
959 2901 1001 2963 sit
1032 2904 1079 2963 vi·

119 3003 137 3032 ⁶⁴
158 2996 253 3056 desta
273 2988 417 3073 pestere?
430 2987 595 3049 subintulit
616 2988 726 3060 dicens,
748 2994 765 3023 ‘¹
774 2989 879 3052 Totius
907 2991 1076 3057 Britannici

120 3097 136 3124 ¹·
157 3083 411 3166 metropolitanai
452 3079 485 3142 Si
514 3081 608 3142 totius
637 3079 807 3145 Britannice
836 3087 1078 3169 metropolitana,

122 3191 139 3219 ¹¹
159 3179 284 3244 eoelesia
303 3175 508 3247 Eboraeemis,
528 3195 597 3256 quse
621 3177 854 3257 metropolitana
882 3200 946 3242 esse
976 3182 1079 3256 scitur,
1127 3179 1128 3183 ’

122 3284 139 3312 ¹¹
161 3270 394 3354 metropolitana
413 3287 474 3330 non
494 3275 548 3330 est
577 3266 619 3327 Et
637 3269 759 3349 quidem
778 3272 932 3335 ecelesiam
946 3274 1080 3338 Cantus·

120 3378 137 3408 ⁶
159 3370 289 3432 risuum
309 3364 470 3445 primatem
490 3361 586 3423 totius
606 3361 775 3427 Britsnnias
795 3386 859 3429 esse
879 3369 998 3445 scimus,
1019 3390 1081 3433 non

120 3473 139 3502 ¹·
159 3455 450 3542 metropolitanam?
500 3455 589 3530 Quod
608 3458 756 3532 nuditum,
778 3461 895 3523 ratione
915 3463 1081 3528 subnixum

119 3577 188 3624 ω
207 3553 290 3637 qnod
310 3551 432 3620 dicebat
451 3549 640 3612 intellectum
661 3559 714 3613 est
756 3553 841 3617 Tunc
861 3557 968 3618 susim
988 3561 1082 3642 aerip-

118 3659 193 3717 tnn
211 3649 281 3731 ipsa
299 3649 421 3707 mutata
439 3646 495 3715 est,
514 3649 547 3705 et
566 3662 621 3723 pro
635 3651 650 3677 ‘⁸
662 3645 756 3706 tetius
778 3645 947 3712 Britanniae
968 3658 1080 3715 metro·

119 3754 138 3783 ·
158 3738 323 3828 politam*
343 3737 468 3800 “tetius
496 3735 664 3798 Britannice
695 3736 835 3819 primas’·
855 3742 1003 3825 seriptum
1023 3751 1079 3820 est,

14 3925 26 3953 '
146 3973 373 4041 impunes„
597 3970 1052 4038 {eudemum-reuma
1162 3998 1164 4001 ·
