3136 4890
429 506 565 554 sussum
587 507 826 558 snemmrseerr
848 511 1109 561 ermuammsra
1185 500 1248 563 373

283 680 431 761 patientia
454 699 509 740 aua
535 680 632 742 aciens
660 684 809 762 pessidere
834 684 967 746 animam
995 705 1089 757 suam,
1111 705 1180 748 cum
1209 687 1246 747 iia

282 776 334 854 qui
357 775 486 834 ederunt
509 795 611 853 pacem
637 782 702 837 erat
721 778 870 855 pacificus,
889 780 982 840 verte
1004 780 1246 841 mausuetudinis

281 875 312 929 ct
338 868 418 947 pacis
440 889 558 950 semper
582 870 709 930 reddens
733 872 994 951 impugnatoribus
1021 874 1092 943 cuir,
1119 874 1245 954 cupiens

280 960 393 1019 malum
420 961 538 1019 illorum
564 962 595 1020 in
621 963 699 1022 bono
724 964 851 1023 vincere.
893 966 1039 1026 Attamen
1063 986 1100 1027 ea
1119 986 1189 1046 qum
1210 968 1243 1027 in

278 1053 417 1132 sequenti
446 1061 580 1133 tempore
610 1062 750 1135 poterant
782 1056 913 1119 eeclesia
947 1078 1009 1119 aun
1041 1058 1152 1121 dumne
1178 1080 1244 1123 ecsc

279 1166 469 1226 nequaquam
493 1166 579 1226 reque
604 1148 707 1208 anime
726 1147 853 1209 tolerare
872 1156 929 1211 aut
947 1149 1004 1211 sub
1025 1150 1243 1231 negligentiam

278 1241 384 1302 caedere
405 1241 585 1320 patiebatur.
629 1241 690 1302 Sed
712 1242 785 1320 quid
811 1241 932 1304 dicerni
973 1242 1073 1307 Tanta
1093 1246 1244 1327 cupidita

278 1354 315 1392 ea
343 1339 521 1412 tempestate
552 1334 766 1393 dominabatur
794 1336 826 1393 in
859 1336 1013 1395 mentibus
1045 1340 1244 1416 quorundam,

279 1433 315 1487 ut
338 1446 393 1486 nec
416 1425 565 1505 patientia
586 1424 680 1505 ipsius
705 1424 824 1486 deliniti
848 1427 973 1487 monitis
990 1428 1056 1509 ejus
1072 1429 1246 1510 adquiesce-

278 1527 355 1592 rent,
379 1540 435 1581 nec
463 1520 628 1580 terroribus
657 1519 769 1598 pulsati
799 1521 966 1583 cecitatem
994 1522 1041 1583 sui
1068 1524 1166 1586 cordis
1192 1546 1246 1585 ex·

278 1614 378 1673 irent.¹
424 1613 536 1672 Verum
558 1612 595 1671 de
620 1612 775 1671 extraneis
798 1631 858 1673 nou
879 1613 1009 1675 multum
1035 1615 1112 1677 sorte
1132 1618 1244 1677 miran-

199 1718 203 1725 '
277 1708 357 1769 dum.
401 1707 463 1787 Ipsi
494 1705 539 1768 sui
572 1706 685 1788 proprii
706 1726 741 1769 ac
762 1705 940 1770 domestici²
958 1707 1096 1772 homiues
1122 1710 1244 1773 mentiti

277 1810 350 1862 sunt
370 1802 398 1860 ei
413 1810 444 1860 et
459 1801 594 1860 infideles
610 1801 690 1860 iacti.
733 1801 1019 1862 Animaduertcntea
1033 1805 1144 1882 quippe
1158 1824 1244 1864 inan·

277 1902 407 1963 suetum,
429 1894 504 1964 lene,
525 1892 713 1972 simplexque
744 1911 795 1952 cer
824 1893 897 1971 ejus,
925 1893 958 1953 in
985 1893 1125 1973 pluribus
1144 1898 1244 1957 causis

277 1988 471 2049 fraudulenta
499 1987 665 2048 calliditate
696 1986 929 2066 compesitisque
958 1989 1146 2051 sermonibus
1173 2011 1243 2053 eum

277 2080 454 2139 multotiens
475 2080 706 2146 circumvenere,
727 2087 759 2136 et
778 2097 847 2155 quw
869 2080 951 2137 illius
968 2080 1048 2156 juris
1068 2100 1132 2139 esse
1152 2083 1243 2143 deire·

276 2173 352 2232 baut
376 2172 588 2240 diminuentes,
609 2189 643 2232 ac
674 2169 784 2231 exinde
816 2188 872 2232 sua
900 2189 961 2232 nen
988 2172 1057 2251 jure
1086 2188 1242 2255 augentur,

276 2289 337 2348 qua
366 2269 392 2329 ei
426 2268 546 2327 fuerant
575 2264 691 2346 alligati
725 2265 814 2326 fidem
837 2265 999 2346 perdidere.
1043 2266 1112 2343 Qua
1142 2268 1180 2331 du
1209 2292 1242 2333 rc

275 2381 343 2421 cum
365 2380 384 2418 a
405 2359 554 2416 Bniluino
576 2358 703 2433 aliisquo
728 2358 867 2415 fidelibus
887 2360 952 2416 suia
973 2360 1076 2420 nimin-
1096 2362 1241 2441 simplici·

276 2454 348 2511 tatis
380 2450 563 2528 minorisque
585 2448 754 2528 prudentia
782 2448 974 2510 familiariter
1001 2451 1243 2530 reprehendere·

276 2553 333 2616 tur,
363 2545 491 2624 simplici
524 2544 724 2605 admiratione
757 2544 958 2625 respondebat
991 2544 1104 2618 dicens,
1134 2546 1241 2623 “Quid

274 2649 289 2672 '‘
311 2649 357 2699 est
379 2640 456 2698 lieet
500 2639 609 2696 Nonne
631 2637 799 2696 Christiani
821 2643 914 2697 sirati
955 2639 1041 2698 Etsi
1063 2639 1241 2714 Christiani,

272 2739 289 2764 ‘¹
311 2752 383 2791 num
415 2730 544 2809 alicujus
575 2729 723 2790 commodi
755 2748 845 2790 causa
870 2729 983 2790 uellent
1014 2738 1119 2792 contra
1149 2732 1240 2795 fidem

272 2834 288 2859 ‘¹
310 2823 417 2886 sunm'
448 2827 577 2887 scienter
609 2824 751 2885 mentiri?
793 2823 878 2884 Nihil
909 2834 962 2887 est
1004 2822 1103 2887 Tanto
1130 2846 1239 2911 nempe

273 2932 289 2955 ‘⁴
311 2921 412 2980 studio
443 2921 516 2979 mihi
550 2920 708 2996 loquentes
738 2936 793 2977 sua
814 2919 907 2979 verba
937 2928 1130 2998 componunt,
1150 2931 1183 2983 et
1202 2942 1239 2984 ca

272 3019 288 3045 ‘¹
311 3014 368 3073 tide
398 3033 454 3071 sua
487 3011 664 3089 interposita
686 3029 758 3068 vera
786 3029 849 3069 eune
874 3010 989 3087 jurant.
1012 3017 1048 3070 ut
1076 3012 1239 3073 increduli·

272 3118 287 3140 ‘¹
311 3109 368 3168 tati
401 3114 527 3188 putetur
559 3126 643 3185 posse
678 3102 785 3164 ascribi
822 3102 902 3163 nelle
932 3104 1051 3167 credere
1085 3126 1136 3167 ecs
1171 3106 1239 3189 ipsa
1275 3148 1286 3165 .

272 3213 289 3236 ‘¹
311 3203 449 3263 veritatis
481 3199 668 3259 firmitudine
698 3197 780 3257 niti.”
824 3196 953 3259 Dicebat
982 3198 1047 3261 brec
1076 3200 1135 3271 ille,
1156 3202 1237 3263 mii·

274 3317 360 3356 mans
390 3297 470 3373 ipsas
500 3293 558 3351 sibi
591 3292 669 3351 nolle
691 3290 770 3370 quod
792 3289 907 3349 sciebat
937 3310 969 3351 se
999 3292 1113 3352 nemini
1138 3294 1238 3355 iacere

272 3390 358 3450 uelle.
401 3387 538 3465 Cumque
560 3384 789 3465 responderetur
810 3382 857 3441 sui
880 3383 972 3444 meria
993 3384 1062 3445 illoc
1083 3404 1144 3447 uon
1164 3408 1238 3462 cuae,

272 3486 382 3554 aiebat,
404 3482 546 3551 “Fateor
577 3479 656 3540 malo
686 3477 785 3557 decipi
817 3477 896 3539 bone
925 3478 963 3540 de
995 3478 1056 3540 illia
1079 3480 1237 3557 credendo,

272 3584 287 3607 “
309 3577 400 3632 etiam
423 3575 448 3629 si
471 3592 518 3631 me
539 3572 691 3630 nesciente
713 3570 783 3627 mali
806 3577 888 3637 aunt,
905 3589 997 3648 quam
1017 3571 1155 3651 decipere
1175 3594 1237 3635 me·

123 3680 240 3730 saara
270 3676 285 3697 ‘¹
308 3667 406 3745 ipsum
438 3662 586 3725 credendo
617 3659 696 3719 nrala
725 3659 763 3719 de
792 3660 865 3739 ipsis
894 3680 970 3741 qum
998 3662 1133 3725 nendum
1166 3684 1236 3727 uere
1336 3664 1342 3673 '

270 3769 285 3793 ‘¹
308 3759 434 3840 prolusi
456 3757 536 3838 quod
560 3755 629 3817 teni
651 3773 711 3816 non
733 3754 820 3816 sintl'
864 3755 940 3819 Haec
960 3762 1063 3819 tamen
1091 3756 1124 3819 iu
1151 3759 1234 3841 prin·

269 3856 348 3931 cipio
380 3854 573 3931 pontitianus
602 3849 648 3907 aui
679 3848 762 3907 dicta
790 3849 987 3909 meminerim.
1037 3850 1233 3913 Poetmedum

300 4025 306 4053 ¹
318 4021 421 4084 exirent]
434 4029 553 4076 eruerent,
566 4020 602 4071 B..
613 4019 648 4073 F..
662 4018 690 4065 Κ.
796 4016 895 4083 ἐπι]
909 4018 957 4069 Not
967 4018 992 4067 in
1004 4020 1033 4069 ἱ

298 4090 704 4157 ἰᾰι...ὼκιει“α]ΝοΗιΚ.
1045 4102 1051 4109 “
