<?xml version="1.0" encoding="UTF-8"?>
<!DOCTYPE html PUBLIC "-//W3C//DTD XHTML 1.0 Transitional//EN"
    "http://www.w3.org/TR/xhtml1/DTD/xhtml1-transitional.dtd">
<html xmlns="http://www.w3.org/1999/xhtml" xml:lang="en" lang="en">
 <head>
  <title>
</title>
<meta http-equiv="Content-Type" content="text/html;charset=utf-8" />
  <meta name='ocr-system' content='tesseract 3.04.00' />
  <meta name='ocr-capabilities' content='ocr_page ocr_carea ocr_par ocr_line ocrx_word'/>
</head>
<body>
  <div class='ocr_page' id='page_1' title='image "./eadmerihistoria00eadmgoog_0351.png"; bbox 0 0 3136 4890; ppageno 0'>
   <div class='ocr_carea' id='block_1_1' title="bbox 502 505 1256 570">
    <p class='ocr_par' dir='ltr' id='par_1_1' title="bbox 502 505 1256 570">
     <span class='ocr_line' id='line_1_1' title="bbox 502 505 1256 570; baseline -0.003 0"><span class='ocrx_word' id='word_1_1' title='bbox 502 522 653 570; x_wconf 83' lang='lat' dir='ltr'>msrouu</span> <span class='ocrx_word' id='word_1_2' title='bbox 673 519 832 569; x_wconf 79' lang='lat' dir='ltr'>novosurr</span> <span class='ocrx_word' id='word_1_3' title='bbox 853 516 1037 568; x_wconf 74' lang='lat' dir='ltr'>uranum</span> <span class='ocrx_word' id='word_1_4' title='bbox 1193 505 1256 569; x_wconf 71' lang='lat'>21⁸</span> 
     </span>
    </p>
   </div>
   <div class='ocr_carea' id='block_1_2' title="bbox 248 681 1422 2252">
    <p class='ocr_par' dir='ltr' id='par_1_2' title="bbox 248 681 1422 2252">
     <span class='ocr_line' id='line_1_2' title="bbox 281 681 1408 756; baseline -0.003 -2"><span class='ocrx_word' id='word_1_5' title='bbox 281 690 371 756; x_wconf 83' lang='lat' dir='ltr'>cessit</span> <span class='ocrx_word' id='word_1_6' title='bbox 391 689 503 753; x_wconf 81' lang='lat' dir='ltr'>habore</span> <span class='ocrx_word' id='word_1_7' title='bbox 523 689 659 752; x_wconf 81' lang='lat' dir='ltr'>maxima</span> <span class='ocrx_word' id='word_1_8' title='bbox 679 688 760 751; x_wconf 84' lang='lat' dir='ltr'>inter</span> <span class='ocrx_word' id='word_1_9' title='bbox 779 686 857 749; x_wconf 79' lang='lat' dir='ltr'>alias</span> <span class='ocrx_word' id='word_1_10' title='bbox 880 703 974 750; x_wconf 77' lang='lat' dir='ltr'>causa</span> <span class='ocrx_word' id='word_1_11' title='bbox 993 683 1054 748; x_wconf 79' lang='lat' dir='ltr'>ruit</span> <span class='ocrx_word' id='word_1_12' title='bbox 1074 681 1131 746; x_wconf 79' lang='lat' dir='ltr'>uni</span> <span class='ocrx_word' id='word_1_13' title='bbox 1163 681 1256 748; x_wconf 73' lang='lat' dir='ltr'>sedi·</span> <span class='ocrx_word' id='word_1_14' title='bbox 1283 703 1408 751; x_wconf 67' lang='lat' dir='ltr'>um.</span> 
     </span>
     <span class='ocr_line' id='line_1_3' title="bbox 282 776 1257 860; baseline -0.006 -14"><span class='ocrx_word' id='word_1_15' title='bbox 282 803 356 846; x_wconf 90' lang='lat' dir='ltr'>cam.</span> <span class='ocrx_word' id='word_1_16' title='bbox 400 784 488 843; x_wconf 82' lang='lat' dir='ltr'><strong>Prius</strong></span> <span class='ocrx_word' id='word_1_17' title='bbox 510 789 612 844; x_wconf 86' lang='lat' dir='ltr'>tamen</span> <span class='ocrx_word' id='word_1_18' title='bbox 633 787 665 842; x_wconf 81' lang='lat' dir='ltr'>ct</span> <span class='ocrx_word' id='word_1_19' title='bbox 684 781 725 843; x_wconf 77' lang='lat' dir='ltr'>ab</span> <span class='ocrx_word' id='word_1_20' title='bbox 745 781 783 841; x_wconf 86' lang='lat' dir='ltr'>iis</span> <span class='ocrx_word' id='word_1_21' title='bbox 805 780 860 860; x_wconf 90' lang='lat' dir='ltr'>qui</span> <span class='ocrx_word' id='word_1_22' title='bbox 881 778 972 842; x_wconf 84' lang='lat' dir='ltr'>modo</span> <span class='ocrx_word' id='word_1_23' title='bbox 992 784 1075 851; x_wconf 76' lang='lat' dir='ltr'>suut,</span> <span class='ocrx_word' id='word_1_24' title='bbox 1095 782 1129 840; x_wconf 84' lang='lat' dir='ltr'>st</span> <span class='ocrx_word' id='word_1_25' title='bbox 1148 776 1191 840; x_wconf 76' lang='lat' dir='ltr'>ab</span> <span class='ocrx_word' id='word_1_26' title='bbox 1209 777 1257 840; x_wconf 79' lang='lat' dir='ltr'>sia</span> 
     </span>
     <span class='ocr_line' id='line_1_4' title="bbox 283 868 1422 1033; baseline -0.004 -96"><span class='ocrx_word' id='word_1_27' title='bbox 283 876 335 958; x_wconf 89' lang='lat' dir='ltr'>qui</span> <span class='ocrx_word' id='word_1_28' title='bbox 357 882 427 958; x_wconf 85' lang='lat' dir='ltr'>post</span> <span class='ocrx_word' id='word_1_29' title='bbox 447 897 502 937; x_wconf 85' lang='lat' dir='ltr'>nos</span> <span class='ocrx_word' id='word_1_30' title='bbox 531 876 587 936; x_wconf 88' lang='lat' dir='ltr'>tilii</span> <span class='ocrx_word' id='word_1_31' title='bbox 617 874 749 938; x_wconf 85' lang='lat' dir='ltr'>acclesiru</span> <span class='ocrx_word' id='word_1_32' title='bbox 770 870 1013 946; x_wconf 78' lang='lat' dir='ltr'>cantuariensis,</span> <span class='ocrx_word' id='word_1_33' title='bbox 1033 871 1066 934; x_wconf 89' lang='lat' dir='ltr'>id</span> <span class='ocrx_word' id='word_1_34' title='bbox 1087 875 1137 934; x_wconf 85' lang='lat' dir='ltr'>cst</span> <span class='ocrx_word' id='word_1_35' title='bbox 1155 868 1422 1033; x_wconf 48' lang='lat' dir='ltr'>Doro-Q</span> 
     </span>
     <span class='ocr_line' id='line_1_5' title="bbox 282 964 1256 1054; baseline -0.004 -23"><span class='ocrx_word' id='word_1_36' title='bbox 282 971 447 1041; x_wconf 78' lang='lat' dir='ltr'>bernensis,</span> <span class='ocrx_word' id='word_1_37' title='bbox 477 969 543 1030; x_wconf 89' lang='lat' dir='ltr'>Deo</span> <span class='ocrx_word' id='word_1_38' title='bbox 571 969 712 1054; x_wconf 77' lang='lat' dir='ltr'>donante,</span> <span class='ocrx_word' id='word_1_39' title='bbox 742 967 840 1029; x_wconf 81' lang='lat' dir='ltr'>futuri</span> <span class='ocrx_word' id='word_1_40' title='bbox 872 972 953 1041; x_wconf 76' lang='lat' dir='ltr'>sunt</span> <span class='ocrx_word' id='word_1_41' title='bbox 986 966 1091 1048; x_wconf 79' lang='lat' dir='ltr'>paucis</span> <span class='ocrx_word' id='word_1_42' title='bbox 1120 964 1256 1048; x_wconf 70' lang='lat' dir='ltr'>pscium</span> 
     </span>
     <span class='ocr_line' id='line_1_6' title="bbox 284 1056 1257 1141; baseline 0 -22"><span class='ocrx_word' id='word_1_43' title='bbox 284 1061 321 1119; x_wconf 88' lang='lat' dir='ltr'>iri</span> <span class='ocrx_word' id='word_1_44' title='bbox 354 1080 519 1141; x_wconf 86' lang='lat' dir='ltr'>precamur,</span> <span class='ocrx_word' id='word_1_45' title='bbox 540 1081 578 1120; x_wconf 88' lang='lat' dir='ltr'>nc</span> <span class='ocrx_word' id='word_1_46' title='bbox 608 1060 696 1121; x_wconf 90' lang='lat' dir='ltr'>nobis</span> <span class='ocrx_word' id='word_1_47' title='bbox 727 1061 779 1140; x_wconf 88' lang='lat' dir='ltr'>qui</span> <span class='ocrx_word' id='word_1_48' title='bbox 811 1058 873 1120; x_wconf 82' lang='lat' dir='ltr'>ists</span> <span class='ocrx_word' id='word_1_49' title='bbox 901 1060 1089 1140; x_wconf 74' lang='lat' dir='ltr'>scripsimus,</span> <span class='ocrx_word' id='word_1_50' title='bbox 1109 1057 1198 1140; x_wconf 78' lang='lat' dir='ltr'>quasi</span> <span class='ocrx_word' id='word_1_51' title='bbox 1219 1056 1257 1119; x_wconf 85' lang='lat' dir='ltr'>iu</span> 
     </span>
     <span class='ocr_line' id='line_1_7' title="bbox 285 1150 1258 1234; baseline 0.003 -20"><span class='ocrx_word' id='word_1_52' title='bbox 285 1152 374 1214; x_wconf 89' lang='lat' dir='ltr'>nihili</span> <span class='ocrx_word' id='word_1_53' title='bbox 404 1153 650 1226; x_wconf 76' lang='lat' dir='ltr'>laboraverimus,</span> <span class='ocrx_word' id='word_1_54' title='bbox 680 1152 739 1234; x_wconf 85' lang='lat' dir='ltr'>ipsi</span> <span class='ocrx_word' id='word_1_55' title='bbox 767 1159 973 1226; x_wconf 79' lang='lat' dir='ltr'>succenseant,</span> <span class='ocrx_word' id='word_1_56' title='bbox 989 1152 1166 1234; x_wconf 78' lang='lat' dir='ltr'>judicantes</span> <span class='ocrx_word' id='word_1_57' title='bbox 1192 1150 1258 1217; x_wconf 77' lang='lat' dir='ltr'>ior·</span> 
     </span>
     <span class='ocr_line' id='line_1_8' title="bbox 285 1245 1257 1326; baseline 0.003 -21"><span class='ocrx_word' id='word_1_58' title='bbox 285 1246 375 1306; x_wconf 78' lang='lat' dir='ltr'>tassio</span> <span class='ocrx_word' id='word_1_59' title='bbox 410 1248 491 1325; x_wconf 84' lang='lat' dir='ltr'>apud</span> <span class='ocrx_word' id='word_1_60' title='bbox 526 1266 566 1317; x_wconf 90' lang='lat' dir='ltr'>se,</span> <span class='ocrx_word' id='word_1_61' title='bbox 606 1264 642 1307; x_wconf 81' lang='lat' dir='ltr'>ea</span> <span class='ocrx_word' id='word_1_62' title='bbox 679 1265 748 1324; x_wconf 84' lang='lat' dir='ltr'>qum</span> <span class='ocrx_word' id='word_1_63' title='bbox 788 1246 956 1326; x_wconf 78' lang='lat' dir='ltr'>gloriosum</span> <span class='ocrx_word' id='word_1_64' title='bbox 990 1252 1023 1307; x_wconf 80' lang='lat' dir='ltr'>et</span> <span class='ocrx_word' id='word_1_65' title='bbox 1057 1245 1257 1326; x_wconf 73' lang='lat' dir='ltr'>magnificum</span> 
     </span>
     <span class='ocr_line' id='line_1_9' title="bbox 285 1337 1257 1420; baseline 0.001 -22"><span class='ocrx_word' id='word_1_66' title='bbox 285 1344 402 1418; x_wconf 83' lang='lat' dir='ltr'>patrem</span> <span class='ocrx_word' id='word_1_67' title='bbox 433 1337 635 1400; x_wconf 73' lang='lat' dir='ltr'>lanfrancum</span> <span class='ocrx_word' id='word_1_68' title='bbox 667 1357 722 1399; x_wconf 90' lang='lat' dir='ltr'>suo</span> <span class='ocrx_word' id='word_1_69' title='bbox 754 1344 893 1420; x_wconf 84' lang='lat' dir='ltr'>tompore</span> <span class='ocrx_word' id='word_1_70' title='bbox 927 1344 1048 1400; x_wconf 82' lang='lat' dir='ltr'>coustst</span> <span class='ocrx_word' id='word_1_71' title='bbox 1079 1338 1184 1400; x_wconf 81' lang='lat' dir='ltr'>iecisse</span> <span class='ocrx_word' id='word_1_72' title='bbox 1213 1337 1257 1399; x_wconf 84' lang='lat' dir='ltr'>sd</span> 
     </span>
     <span class='ocr_line' id='line_1_10' title="bbox 286 1420 1258 1512; baseline 0.002 -21"><span class='ocrx_word' id='word_1_73' title='bbox 286 1432 431 1491; x_wconf 87' lang='lat' dir='ltr'>tuendam</span> <span class='ocrx_word' id='word_1_74' title='bbox 453 1432 750 1511; x_wconf 75' lang='lat' dir='ltr'>conservandamque</span> <span class='ocrx_word' id='word_1_75' title='bbox 771 1420 938 1494; x_wconf 81' lang='lat' dir='ltr'>nominator</span> <span class='ocrx_word' id='word_1_76' title='bbox 966 1429 1098 1493; x_wconf 74' lang='lat' dir='ltr'>ecclesius</span> <span class='ocrx_word' id='word_1_77' title='bbox 1118 1430 1258 1512; x_wconf 72' lang='lat' dir='ltr'>‹ligulis-</span> 
     </span>
     <span class='ocr_line' id='line_1_11' title="bbox 286 1521 1257 1605; baseline 0.002 -23"><span class='ocrx_word' id='word_1_78' title='bbox 286 1528 348 1582; x_wconf 85' lang='lat' dir='ltr'>tour</span> <span class='ocrx_word' id='word_1_79' title='bbox 369 1521 443 1582; x_wconf 86' lang='lat' dir='ltr'>satis</span> <span class='ocrx_word' id='word_1_80' title='bbox 464 1522 598 1584; x_wconf 86' lang='lat' dir='ltr'>sufficere</span> <span class='ocrx_word' id='word_1_81' title='bbox 620 1529 652 1584; x_wconf 79' lang='lat' dir='ltr'>ct</span> <span class='ocrx_word' id='word_1_82' title='bbox 673 1522 930 1603; x_wconf 76' lang='lat' dir='ltr'>superabundans</span> <span class='ocrx_word' id='word_1_83' title='bbox 973 1521 1017 1583; x_wconf 79' lang='lat' dir='ltr'>Et</span> <span class='ocrx_word' id='word_1_84' title='bbox 1036 1521 1126 1582; x_wconf 88' lang='lat' dir='ltr'>uobis</span> <span class='ocrx_word' id='word_1_85' title='bbox 1146 1522 1257 1605; x_wconf 79' lang='lat' dir='ltr'>utiquc</span> 
     </span>
     <span class='ocr_line' id='line_1_12' title="bbox 287 1612 1261 1698; baseline 0 -22"><span class='ocrx_word' id='word_1_86' title='bbox 287 1616 324 1676; x_wconf 90' lang='lat' dir='ltr'>dc</span> <span class='ocrx_word' id='word_1_87' title='bbox 353 1615 413 1676; x_wconf 89' lang='lat' dir='ltr'>illis</span> <span class='ocrx_word' id='word_1_88' title='bbox 445 1636 512 1695; x_wconf 66' lang='lat' dir='ltr'>quse</span> <span class='ocrx_word' id='word_1_89' title='bbox 544 1616 608 1697; x_wconf 84' lang='lat' dir='ltr'>ipso</span> <span class='ocrx_word' id='word_1_90' title='bbox 639 1615 719 1688; x_wconf 78' lang='lat' dir='ltr'>secio,</span> <span class='ocrx_word' id='word_1_91' title='bbox 739 1621 898 1697; x_wconf 83' lang='lat' dir='ltr'>quantum</span> <span class='ocrx_word' id='word_1_92' title='bbox 925 1613 1051 1696; x_wconf 88' lang='lat' dir='ltr'>quidem</span> <span class='ocrx_word' id='word_1_93' title='bbox 1071 1612 1111 1676; x_wconf 81' lang='lat' dir='ltr'>sd</span> <span class='ocrx_word' id='word_1_94' title='bbox 1132 1613 1261 1698; x_wconf 72' lang='lat' dir='ltr'>negotia</span> 
     </span>
     <span class='ocr_line' id='line_1_13' title="bbox 286 1707 1260 1789; baseline 0.003 -23"><span class='ocrx_word' id='word_1_95' title='bbox 286 1714 403 1787; x_wconf 80' lang='lat' dir='ltr'>spectat</span> <span class='ocrx_word' id='word_1_96' title='bbox 430 1728 557 1786; x_wconf 74' lang='lat' dir='ltr'>&lt;prorum</span> <span class='ocrx_word' id='word_1_97' title='bbox 586 1709 686 1788; x_wconf 78' lang='lat' dir='ltr'>gratia</span> <span class='ocrx_word' id='word_1_98' title='bbox 715 1708 768 1769; x_wconf 82' lang='lat' dir='ltr'>illa</span> <span class='ocrx_word' id='word_1_99' title='bbox 803 1708 886 1778; x_wconf 87' lang='lat' dir='ltr'>lecit,</span> <span class='ocrx_word' id='word_1_100' title='bbox 908 1708 1026 1768; x_wconf 88' lang='lat' dir='ltr'>nullum</span> <span class='ocrx_word' id='word_1_101' title='bbox 1057 1707 1142 1769; x_wconf 77' lang='lat' dir='ltr'>uliud</span> <span class='ocrx_word' id='word_1_102' title='bbox 1163 1725 1260 1789; x_wconf 80' lang='lat' dir='ltr'>quam</span> 
     </span>
     <span class='ocr_line' id='line_1_14' title="bbox 248 1798 1262 1883; baseline 0.007 -27"><span class='ocrx_word' id='word_1_103' title='bbox 248 1846 252 1856; x_wconf 94' lang='lat'><strong>.</strong></span> <span class='ocrx_word' id='word_1_104' title='bbox 287 1800 407 1861; x_wconf 89' lang='lat' dir='ltr'>illorum</span> <span class='ocrx_word' id='word_1_105' title='bbox 432 1800 583 1881; x_wconf 85' lang='lat' dir='ltr'>judicium</span> <span class='ocrx_word' id='word_1_106' title='bbox 615 1808 671 1873; x_wconf 78' lang='lat' dir='ltr'>cst,</span> <span class='ocrx_word' id='word_1_107' title='bbox 699 1799 749 1864; x_wconf 84' lang='lat' dir='ltr'>vel</span> <span class='ocrx_word' id='word_1_108' title='bbox 780 1799 952 1883; x_wconf 87' lang='lat' dir='ltr'>aliquando</span> <span class='ocrx_word' id='word_1_109' title='bbox 981 1799 1049 1862; x_wconf 82' lang='lat' dir='ltr'>luit</span> <span class='ocrx_word' id='word_1_110' title='bbox 1101 1798 1193 1862; x_wconf 84' lang='lat' dir='ltr'>Uuds</span> <span class='ocrx_word' id='word_1_111' title='bbox 1221 1808 1262 1863; x_wconf 76' lang='lat' dir='ltr'>ut</span> 
     </span>
     <span class='ocr_line' id='line_1_15' title="bbox 287 1894 1262 1976; baseline 0.004 -22"><span class='ocrx_word' id='word_1_112' title='bbox 287 1900 408 1955; x_wconf 83' lang='lat' dir='ltr'>tontum</span> <span class='ocrx_word' id='word_1_113' title='bbox 429 1916 505 1955; x_wconf 86' lang='lat' dir='ltr'>onus</span> <span class='ocrx_word' id='word_1_114' title='bbox 521 1896 672 1956; x_wconf 83' lang='lat' dir='ltr'>scribendi</span> <span class='ocrx_word' id='word_1_115' title='bbox 693 1915 922 1967; x_wconf 77' lang='lat' dir='ltr'>assumeremus,</span> <span class='ocrx_word' id='word_1_116' title='bbox 939 1894 1026 1975; x_wconf 80' lang='lat' dir='ltr'>quasi</span> <span class='ocrx_word' id='word_1_117' title='bbox 1045 1899 1151 1958; x_wconf 81' lang='lat' dir='ltr'>nostro</span> <span class='ocrx_word' id='word_1_118' title='bbox 1167 1912 1262 1976; x_wconf 71' lang='lat' dir='ltr'>open</span> 
     </span>
     <span class='ocr_line' id='line_1_16' title="bbox 287 1985 1263 2067; baseline 0.002 -21"><span class='ocrx_word' id='word_1_119' title='bbox 287 2005 378 2066; x_wconf 85' lang='lat' dir='ltr'>opera</span> <span class='ocrx_word' id='word_1_120' title='bbox 398 1988 463 2066; x_wconf 85' lang='lat' dir='ltr'>ejus</span> <span class='ocrx_word' id='word_1_121' title='bbox 495 1987 687 2066; x_wconf 77' lang='lat' dir='ltr'>aliquatenus</span> <span class='ocrx_word' id='word_1_122' title='bbox 717 1986 824 2048; x_wconf 81' lang='lat' dir='ltr'>fulcire</span> <span class='ocrx_word' id='word_1_123' title='bbox 855 1986 1102 2067; x_wconf 75' lang='lat' dir='ltr'>cogitaverimus,</span> <span class='ocrx_word' id='word_1_124' title='bbox 1123 1985 1263 2048; x_wconf 70' lang='lat' dir='ltr'>smcutic</span> 
     </span>
     <span class='ocr_line' id='line_1_17' title="bbox 287 2077 1263 2161; baseline 0.003 -21"><span class='ocrx_word' id='word_1_125' title='bbox 287 2101 351 2140; x_wconf 88' lang='lat' dir='ltr'>esso</span> <span class='ocrx_word' id='word_1_126' title='bbox 373 2081 496 2141; x_wconf 90' lang='lat' dir='ltr'>videtur</span> <span class='ocrx_word' id='word_1_127' title='bbox 518 2081 550 2140; x_wconf 88' lang='lat' dir='ltr'>in</span> <span class='ocrx_word' id='word_1_128' title='bbox 571 2087 703 2141; x_wconf 85' lang='lat' dir='ltr'>mentem</span> <span class='ocrx_word' id='word_1_129' title='bbox 725 2079 817 2141; x_wconf 78' lang='lat' dir='ltr'>alicui</span> <span class='ocrx_word' id='word_1_130' title='bbox 850 2079 968 2152; x_wconf 82' lang='lat' dir='ltr'>cadere,</span> <span class='ocrx_word' id='word_1_131' title='bbox 988 2077 1156 2161; x_wconf 70' lang='lat' dir='ltr'>prasertim</span> <span class='ocrx_word' id='word_1_132' title='bbox 1187 2097 1263 2143; x_wconf 88' lang='lat' dir='ltr'>cum</span> 
     </span>
     <span class='ocr_line' id='line_1_18' title="bbox 288 2172 1264 2252; baseline 0.004 -21"><span class='ocrx_word' id='word_1_133' title='bbox 288 2180 392 2232; x_wconf 86' lang='lat' dir='ltr'>nostra</span> <span class='ocrx_word' id='word_1_134' title='bbox 412 2193 480 2251; x_wconf 80' lang='lat' dir='ltr'>qure</span> <span class='ocrx_word' id='word_1_135' title='bbox 512 2174 573 2232; x_wconf 86' lang='lat' dir='ltr'>illis</span> <span class='ocrx_word' id='word_1_136' title='bbox 602 2174 830 2242; x_wconf 83' lang='lat' dir='ltr'>continuantur,</span> <span class='ocrx_word' id='word_1_137' title='bbox 854 2191 916 2232; x_wconf 88' lang='lat' dir='ltr'>nou</span> <span class='ocrx_word' id='word_1_138' title='bbox 936 2172 999 2232; x_wconf 76' lang='lat' dir='ltr'>nisi</span> <span class='ocrx_word' id='word_1_139' title='bbox 1018 2193 1073 2252; x_wconf 87' lang='lat' dir='ltr'>per</span> <span class='ocrx_word' id='word_1_140' title='bbox 1092 2172 1146 2234; x_wconf 80' lang='lat' dir='ltr'>ills</span> <span class='ocrx_word' id='word_1_141' title='bbox 1165 2173 1264 2235; x_wconf 82' lang='lat' dir='ltr'>robur</span> 
     </span>
    </p>
   </div>
   <div class='ocr_carea' id='block_1_3' title="bbox 1265 1026 1369 1072">
    <p class='ocr_par' dir='ltr' id='par_1_3' title="bbox 1265 1026 1369 1072">
     <span class='ocr_line' id='line_1_19' title="bbox 1265 1026 1369 1072; baseline 0 0"><span class='ocrx_word' id='word_1_142' title='bbox 1265 1026 1369 1072; x_wconf 46' lang='grc' dir='ltr'><strong><em>ἡ</em></strong></span> 
     </span>
    </p>
   </div>
   <div class='ocr_carea' id='block_1_4' title="bbox 199 2262 1412 3830">
    <p class='ocr_par' dir='ltr' id='par_1_4' title="bbox 287 2262 1334 3177">
     <span class='ocr_line' id='line_1_20' title="bbox 287 2262 1263 2344; baseline 0.001 -19"><span class='ocrx_word' id='word_1_143' title='bbox 287 2265 367 2327; x_wconf 90' lang='lat' dir='ltr'>undo</span> <span class='ocrx_word' id='word_1_144' title='bbox 395 2266 571 2337; x_wconf 70' lang='lat' dir='ltr'>subsistant,</span> <span class='ocrx_word' id='word_1_145' title='bbox 593 2264 678 2326; x_wconf 83' lang='lat' dir='ltr'>salva</span> <span class='ocrx_word' id='word_1_146' title='bbox 708 2284 813 2324; x_wconf 90' lang='lat' dir='ltr'>rerum</span> <span class='ocrx_word' id='word_1_147' title='bbox 834 2282 917 2344; x_wconf 86' lang='lat' dir='ltr'>quss</span> <span class='ocrx_word' id='word_1_148' title='bbox 940 2263 1153 2344; x_wconf 82' lang='lat' dir='ltr'>descripsimus</span> <span class='ocrx_word' id='word_1_149' title='bbox 1173 2262 1263 2326; x_wconf 79' lang='lat' dir='ltr'>vsti-</span> 
     </span>
     <span class='ocr_line' id='line_1_21' title="bbox 287 2357 1249 2439; baseline -0.001 -18"><span class='ocrx_word' id='word_1_150' title='bbox 287 2368 358 2430; x_wconf 82' lang='lat' dir='ltr'>tate,</span> <span class='ocrx_word' id='word_1_151' title='bbox 380 2363 555 2421; x_wconf 82' lang='lat' dir='ltr'>sortiuntur.</span> <span class='ocrx_word' id='word_1_152' title='bbox 599 2361 754 2430; x_wconf 69' lang='lat' dir='ltr'>Attamen,</span> <span class='ocrx_word' id='word_1_153' title='bbox 775 2358 857 2439; x_wconf 85' lang='lat' dir='ltr'>quod</span> <span class='ocrx_word' id='word_1_154' title='bbox 879 2377 955 2438; x_wconf 66' lang='lat' dir='ltr'>poco</span> <span class='ocrx_word' id='word_1_155' title='bbox 976 2358 1112 2420; x_wconf 84' lang='lat' dir='ltr'>omnium</span> <span class='ocrx_word' id='word_1_156' title='bbox 1132 2357 1249 2421; x_wconf 76' lang='lat' dir='ltr'>dicium</span> 
     </span>
     <span class='ocr_line' id='line_1_22' title="bbox 288 2451 1334 2535; baseline 0.002 -23"><span class='ocrx_word' id='word_1_157' title='bbox 288 2474 390 2534; x_wconf 70' lang='lat' dir='ltr'>quaeso</span> <span class='ocrx_word' id='word_1_158' title='bbox 411 2455 584 2535; x_wconf 86' lang='lat' dir='ltr'>accipiatur,</span> <span class='ocrx_word' id='word_1_159' title='bbox 600 2473 661 2514; x_wconf 89' lang='lat' dir='ltr'>non</span> <span class='ocrx_word' id='word_1_160' title='bbox 682 2471 790 2533; x_wconf 83' lang='lat' dir='ltr'>pamm</span> <span class='ocrx_word' id='word_1_161' title='bbox 814 2451 853 2512; x_wconf 88' lang='lat' dir='ltr'>ad</span> <span class='ocrx_word' id='word_1_162' title='bbox 875 2451 1142 2512; x_wconf 77' lang='lat' dir='ltr'>exterminandum</span> <span class='ocrx_word' id='word_1_163' title='bbox 1170 2470 1257 2514; x_wconf 77' lang='lat' dir='ltr'>scau·</span> <span class='ocrx_word' id='word_1_164' title='bbox 1328 2468 1334 2479; x_wconf 89' lang='lat'><strong>·</strong></span> 
     </span>
     <span class='ocr_line' id='line_1_23' title="bbox 289 2543 1261 2627; baseline 0 -19"><span class='ocrx_word' id='word_1_165' title='bbox 289 2551 390 2608; x_wconf 85' lang='lat' dir='ltr'>dolum</span> <span class='ocrx_word' id='word_1_166' title='bbox 412 2550 493 2627; x_wconf 84' lang='lat' dir='ltr'>qnod</span> <span class='ocrx_word' id='word_1_167' title='bbox 516 2549 716 2609; x_wconf 82' lang='lat' dir='ltr'>Eboraccnscs</span> <span class='ocrx_word' id='word_1_168' title='bbox 738 2566 830 2626; x_wconf 87' lang='lat' dir='ltr'>super</span> <span class='ocrx_word' id='word_1_169' title='bbox 856 2544 955 2624; x_wconf 75' lang='lat' dir='ltr'>ipsam</span> <span class='ocrx_word' id='word_1_170' title='bbox 977 2543 1133 2607; x_wconf 77' lang='lat' dir='ltr'>ecclesium</span> <span class='ocrx_word' id='word_1_171' title='bbox 1153 2564 1261 2609; x_wconf 80' lang='lat' dir='ltr'>movs-</span> 
     </span>
     <span class='ocr_line' id='line_1_24' title="bbox 290 2635 1258 2719; baseline 0 -21"><span class='ocrx_word' id='word_1_172' title='bbox 290 2648 363 2699; x_wconf 83' lang='lat' dir='ltr'>runt</span> <span class='ocrx_word' id='word_1_173' title='bbox 384 2647 416 2699; x_wconf 81' lang='lat' dir='ltr'>et</span> <span class='ocrx_word' id='word_1_174' title='bbox 436 2641 612 2700; x_wconf 72' lang='lat' dir='ltr'>contii-mare</span> <span class='ocrx_word' id='word_1_175' title='bbox 643 2641 700 2699; x_wconf 87' lang='lat' dir='ltr'>nisi</span> <span class='ocrx_word' id='word_1_176' title='bbox 732 2645 814 2707; x_wconf 83' lang='lat' dir='ltr'>sunt,</span> <span class='ocrx_word' id='word_1_177' title='bbox 835 2642 872 2697; x_wconf 85' lang='lat' dir='ltr'>ut</span> <span class='ocrx_word' id='word_1_178' title='bbox 893 2635 931 2696; x_wconf 89' lang='lat' dir='ltr'>de</span> <span class='ocrx_word' id='word_1_179' title='bbox 952 2636 1022 2697; x_wconf 85' lang='lat' dir='ltr'>aliis</span> <span class='ocrx_word' id='word_1_180' title='bbox 1043 2636 1169 2710; x_wconf 76' lang='lat' dir='ltr'>sileam,¹</span> <span class='ocrx_word' id='word_1_181' title='bbox 1189 2638 1258 2719; x_wconf 75' lang='lat' dir='ltr'>ipsa</span> 
     </span>
     <span class='ocr_line' id='line_1_25' title="bbox 289 2727 1256 2810; baseline 0.001 -20"><span class='ocrx_word' id='word_1_182' title='bbox 289 2732 418 2809; x_wconf 80' lang='lat' dir='ltr'>epistole</span> <span class='ocrx_word' id='word_1_183' title='bbox 454 2730 575 2807; x_wconf 86' lang='lat' dir='ltr'>proluit,</span> <span class='ocrx_word' id='word_1_184' title='bbox 611 2751 701 2808; x_wconf 79' lang='lat' dir='ltr'>quern</span> <span class='ocrx_word' id='word_1_185' title='bbox 745 2731 803 2810; x_wconf 84' lang='lat' dir='ltr'>pins</span> <span class='ocrx_word' id='word_1_186' title='bbox 843 2727 1063 2789; x_wconf 83' lang='lat' dir='ltr'>recordationis</span> <span class='ocrx_word' id='word_1_187' title='bbox 1101 2728 1256 2791; x_wconf 74' lang='lat' dir='ltr'>Pssshslis</span> 
     </span>
     <span class='ocr_line' id='line_1_26' title="bbox 290 2820 1257 2904; baseline 0.004 -23"><span class='ocrx_word' id='word_1_188' title='bbox 290 2842 368 2901; x_wconf 85' lang='lat' dir='ltr'>papa</span> <span class='ocrx_word' id='word_1_189' title='bbox 390 2823 518 2881; x_wconf 82' lang='lat' dir='ltr'>Girardo</span> <span class='ocrx_word' id='word_1_190' title='bbox 541 2824 677 2900; x_wconf 81' lang='lat' dir='ltr'>pontifici</span> <span class='ocrx_word' id='word_1_191' title='bbox 694 2823 876 2885; x_wconf 84' lang='lat' dir='ltr'>Eboracensi</span> <span class='ocrx_word' id='word_1_192' title='bbox 899 2820 936 2882; x_wconf 86' lang='lat' dir='ltr'>do</span> <span class='ocrx_word' id='word_1_193' title='bbox 958 2820 1144 2902; x_wconf 68' lang='lat' dir='ltr'>professione</span> <span class='ocrx_word' id='word_1_194' title='bbox 1163 2842 1257 2904; x_wconf 73' lang='lat' dir='ltr'>quum</span> 
     </span>
     <span class='ocr_line' id='line_1_27' title="bbox 290 2912 1259 2995; baseline 0.004 -23"><span class='ocrx_word' id='word_1_195' title='bbox 290 2915 428 2993; x_wconf 81' lang='lat' dir='ltr'>episeopo</span> <span class='ocrx_word' id='word_1_196' title='bbox 451 2912 664 2974; x_wconf 77' lang='lat' dir='ltr'>Caniuariensi</span> <span class='ocrx_word' id='word_1_197' title='bbox 686 2915 782 2976; x_wconf 87' lang='lat' dir='ltr'>lacere</span> <span class='ocrx_word' id='word_1_198' title='bbox 806 2913 939 2975; x_wconf 78' lang='lat' dir='ltr'>debebat</span> <span class='ocrx_word' id='word_1_199' title='bbox 970 2932 1025 2995; x_wconf 92' lang='lat' dir='ltr'>pro</span> <span class='ocrx_word' id='word_1_200' title='bbox 1046 2914 1190 2975; x_wconf 78' lang='lat' dir='ltr'>Ausclmo</span> <span class='ocrx_word' id='word_1_201' title='bbox 1210 2914 1259 2976; x_wconf 85' lang='lat' dir='ltr'>dl·</span> 
     </span>
     <span class='ocr_line' id='line_1_28' title="bbox 291 3005 1259 3087; baseline 0.004 -25"><span class='ocrx_word' id='word_1_202' title='bbox 291 3006 377 3064; x_wconf 83' lang='lat' dir='ltr'>rexit.</span> <span class='ocrx_word' id='word_1_203' title='bbox 421 3005 578 3083; x_wconf 76' lang='lat' dir='ltr'>Siquidem</span> <span class='ocrx_word' id='word_1_204' title='bbox 601 3008 705 3066; x_wconf 84' lang='lat' dir='ltr'>eadem</span> <span class='ocrx_word' id='word_1_205' title='bbox 728 3007 857 3087; x_wconf 66' lang='lat' dir='ltr'>epistola</span> <span class='ocrx_word' id='word_1_206' title='bbox 870 3005 1046 3067; x_wconf 81' lang='lat' dir='ltr'>Cantusrire</span> <span class='ocrx_word' id='word_1_207' title='bbox 1066 3024 1136 3068; x_wconf 89' lang='lat' dir='ltr'>cum</span> <span class='ocrx_word' id='word_1_208' title='bbox 1156 3005 1259 3086; x_wconf 77' lang='lat' dir='ltr'>sigilio</span> 
     </span>
     <span class='ocr_line' id='line_1_29' title="bbox 291 3098 1258 3177; baseline 0.003 -19"><span class='ocrx_word' id='word_1_209' title='bbox 291 3118 376 3176; x_wconf 80' lang='lat' dir='ltr'>popm</span> <span class='ocrx_word' id='word_1_210' title='bbox 398 3098 563 3167; x_wconf 73' lang='lat' dir='ltr'>rerrrnnsit,²</span> <span class='ocrx_word' id='word_1_211' title='bbox 584 3101 728 3177; x_wconf 85' lang='lat' dir='ltr'>quoniam</span> <span class='ocrx_word' id='word_1_212' title='bbox 750 3100 905 3169; x_wconf 77' lang='lat' dir='ltr'>Girurdus,</span> <span class='ocrx_word' id='word_1_213' title='bbox 925 3104 961 3158; x_wconf 84' lang='lat' dir='ltr'>ut</span> <span class='ocrx_word' id='word_1_214' title='bbox 981 3099 1030 3159; x_wconf 86' lang='lat' dir='ltr'>vir</span> <span class='ocrx_word' id='word_1_215' title='bbox 1050 3098 1084 3159; x_wconf 86' lang='lat' dir='ltr'>iu</span> <span class='ocrx_word' id='word_1_216' title='bbox 1103 3098 1258 3161; x_wconf 63' lang='lat' dir='ltr'>miccius·</span> 
     </span>
    </p>

    <p class='ocr_par' dir='ltr' id='par_1_5' title="bbox 199 3190 1256 3272">
     <span class='ocr_line' id='line_1_30' title="bbox 199 3190 1256 3272; baseline 0.007 -25"><span class='ocrx_word' id='word_1_217' title='bbox 199 3212 211 3239; x_wconf 67' lang='lat' dir='ltr'>a</span> <span class='ocrx_word' id='word_1_218' title='bbox 263 3191 359 3250; x_wconf 81' lang='lat' dir='ltr'>’ticis</span> <span class='ocrx_word' id='word_1_219' title='bbox 391 3191 560 3270; x_wconf 84' lang='lat' dir='ltr'>disciplinis</span> <span class='ocrx_word' id='word_1_220' title='bbox 590 3191 744 3266; x_wconf 79' lang='lat' dir='ltr'>educatus,</span> <span class='ocrx_word' id='word_1_221' title='bbox 767 3192 849 3252; x_wconf 85' lang='lat' dir='ltr'>illius</span> <span class='ocrx_word' id='word_1_222' title='bbox 880 3190 1073 3253; x_wconf 72' lang='lat' dir='ltr'>auctoritatis</span> <span class='ocrx_word' id='word_1_223' title='bbox 1104 3196 1256 3272; x_wconf 69' lang='lat' dir='ltr'>praeopto</span> 
     </span>
    </p>

    <p class='ocr_par' dir='ltr' id='par_1_6' title="bbox 226 3282 1256 3367">
     <span class='ocr_line' id='line_1_31' title="bbox 226 3282 1256 3367; baseline 0.003 -25"><span class='ocrx_word' id='word_1_224' title='bbox 226 3290 231 3300; x_wconf 87' lang='grc'><strong>“</strong></span> <span class='ocrx_word' id='word_1_225' title='bbox 291 3303 352 3343; x_wconf 92' lang='lat' dir='ltr'>non</span> <span class='ocrx_word' id='word_1_226' title='bbox 374 3305 471 3364; x_wconf 80' lang='lat' dir='ltr'>egens,</span> <span class='ocrx_word' id='word_1_227' title='bbox 490 3285 600 3345; x_wconf 83' lang='lat' dir='ltr'>iactam</span> <span class='ocrx_word' id='word_1_228' title='bbox 623 3287 654 3345; x_wconf 92' lang='lat' dir='ltr'>in</span> <span class='ocrx_word' id='word_1_229' title='bbox 677 3285 852 3367; x_wconf 79' lang='lat' dir='ltr'>episcopatu</span> <span class='ocrx_word' id='word_1_230' title='bbox 874 3284 1089 3365; x_wconf 79' lang='lat' dir='ltr'>professionem</span> <span class='ocrx_word' id='word_1_231' title='bbox 1103 3282 1256 3357; x_wconf 73' lang='lat' dir='ltr'>Auselmo,</span> 
     </span>
    </p>

    <p class='ocr_par' dir='ltr' id='par_1_7' title="bbox 292 3376 1412 3830">
     <span class='ocr_line' id='line_1_32' title="bbox 292 3376 1259 3458; baseline 0.004 -23"><span class='ocrx_word' id='word_1_232' title='bbox 292 3378 370 3439; x_wconf 83' lang='lat' dir='ltr'>sicut</span> <span class='ocrx_word' id='word_1_233' title='bbox 403 3379 516 3438; x_wconf 83' lang='lat' dir='ltr'>montio</span> <span class='ocrx_word' id='word_1_234' title='bbox 548 3381 618 3439; x_wconf 89' lang='lat' dir='ltr'>indo</span> <span class='ocrx_word' id='word_1_235' title='bbox 648 3380 788 3458; x_wconf 83' lang='lat' dir='ltr'>superius</span> <span class='ocrx_word' id='word_1_236' title='bbox 820 3379 927 3439; x_wconf 86' lang='lat' dir='ltr'>habita</span> <span class='ocrx_word' id='word_1_237' title='bbox 956 3376 1132 3449; x_wconf 67' lang='lat' dir='ltr'>dcchrsvit,</span> <span class='ocrx_word' id='word_1_238' title='bbox 1161 3377 1259 3439; x_wconf 67' lang='lat' dir='ltr'>iuter·</span> 
     </span>
     <span class='ocr_line' id='line_1_33' title="bbox 292 3438 1365 3573; baseline 0.007 -48"><span class='ocrx_word' id='word_1_239' title='bbox 292 3470 391 3549; x_wconf 85' lang='lat' dir='ltr'>posita</span> <span class='ocrx_word' id='word_1_240' title='bbox 426 3470 485 3531; x_wconf 84' lang='lat' dir='ltr'>fido</span> <span class='ocrx_word' id='word_1_241' title='bbox 520 3492 576 3532; x_wconf 82' lang='lat' dir='ltr'>sua</span> <span class='ocrx_word' id='word_1_242' title='bbox 611 3472 793 3532; x_wconf 77' lang='lat' dir='ltr'>firnraverst</span> <span class='ocrx_word' id='word_1_243' title='bbox 857 3471 989 3532; x_wconf 86' lang='lat' dir='ltr'>Textum</span> <span class='ocrx_word' id='word_1_244' title='bbox 1024 3476 1128 3532; x_wconf 71' lang='lat' dir='ltr'>suum</span> <span class='ocrx_word' id='word_1_245' title='bbox 1162 3438 1365 3573; x_wconf 37' lang='lat' dir='ltr'>ipsiu&amp;</span> 
     </span>
     <span class='ocr_line' id='line_1_34' title="bbox 293 3487 1410 3646; baseline 0.006 -26"><span class='ocrx_word' id='word_1_246' title='bbox 293 3563 427 3640; x_wconf 77' lang='lat' dir='ltr'>epistolar</span> <span class='ocrx_word' id='word_1_247' title='bbox 449 3563 506 3633; x_wconf 88' lang='lat' dir='ltr'>hie,</span> <span class='ocrx_word' id='word_1_248' title='bbox 528 3576 564 3624; x_wconf 86' lang='lat' dir='ltr'>ut</span> <span class='ocrx_word' id='word_1_249' title='bbox 585 3565 729 3625; x_wconf 89' lang='lat' dir='ltr'>omnibus</span> <span class='ocrx_word' id='word_1_250' title='bbox 761 3565 815 3644; x_wconf 86' lang='lat' dir='ltr'>qui</span> <span class='ocrx_word' id='word_1_251' title='bbox 849 3564 950 3646; x_wconf 76' lang='lat' dir='ltr'>legero</span> <span class='ocrx_word' id='word_1_252' title='bbox 979 3563 1029 3626; x_wconf 78' lang='lat' dir='ltr'>vel</span> <span class='ocrx_word' id='word_1_253' title='bbox 1061 3562 1167 3626; x_wconf 76' lang='lat' dir='ltr'>audin</span> <span class='ocrx_word' id='word_1_254' title='bbox 1197 3487 1410 3629; x_wconf 52' lang='lat' dir='ltr'>bessu-ld*</span> 
     </span>
     <span class='ocr_line' id='line_1_35' title="bbox 292 3622 1412 3733; baseline 0.009 -21"><span class='ocrx_word' id='word_1_255' title='bbox 292 3653 459 3733; x_wconf 80' lang='lat' dir='ltr'>dignantur</span> <span class='ocrx_word' id='word_1_256' title='bbox 484 3657 661 3725; x_wconf 72' lang='lat' dir='ltr'>innotescat,</span> <span class='ocrx_word' id='word_1_257' title='bbox 682 3657 914 3729; x_wconf 83' lang='lat' dir='ltr'>subscribamus,</span> <span class='ocrx_word' id='word_1_258' title='bbox 935 3662 1055 3717; x_wconf 78' lang='lat' dir='ltr'>etcum</span> <span class='ocrx_word' id='word_1_259' title='bbox 1075 3657 1110 3718; x_wconf 84' lang='lat' dir='ltr'>iu</span> <span class='ocrx_word' id='word_1_260' title='bbox 1130 3656 1253 3721; x_wconf 72' lang='lat' dir='ltr'>undu</span> <span class='ocrx_word' id='word_1_261' title='bbox 1270 3622 1412 3712; x_wconf 47' lang='lat' dir='ltr'><strong>ff</strong></span> 
     </span>
     <span class='ocr_line' id='line_1_36' title="bbox 293 3748 1176 3830; baseline 0.011 -25"><span class='ocrx_word' id='word_1_262' title='bbox 293 3749 425 3807; x_wconf 88' lang='lat' dir='ltr'>uominis</span> <span class='ocrx_word' id='word_1_263' title='bbox 447 3749 504 3809; x_wconf 88' lang='lat' dir='ltr'>Dei</span> <span class='ocrx_word' id='word_1_264' title='bbox 528 3750 691 3809; x_wconf 78' lang='lat' dir='ltr'>terminum</span> <span class='ocrx_word' id='word_1_265' title='bbox 713 3748 805 3828; x_wconf 88' lang='lat' dir='ltr'>hujus</span> <span class='ocrx_word' id='word_1_266' title='bbox 826 3751 926 3830; x_wconf 87' lang='lat' dir='ltr'>operis</span> <span class='ocrx_word' id='word_1_267' title='bbox 946 3749 1176 3814; x_wconf 70' lang='lat' dir='ltr'>sonticum</span> 
     </span>
    </p>
   </div>
   <div class='ocr_carea' id='block_1_5' title="bbox 324 4013 1263 4152">
    <p class='ocr_par' dir='ltr' id='par_1_8' title="bbox 324 4013 1263 4152">
     <span class='ocr_line' id='line_1_37' title="bbox 325 4013 1263 4082; baseline 0.012 -23"><span class='ocrx_word' id='word_1_268' title='bbox 325 4013 434 4076; x_wconf 71' lang='lat' dir='ltr'>&#39;siin-J</span> <span class='ocrx_word' id='word_1_269' title='bbox 448 4024 547 4072; x_wconf 68' lang='lat' dir='ltr'>tumn,</span> <span class='ocrx_word' id='word_1_270' title='bbox 558 4015 588 4063; x_wconf 83' lang='grc' dir='ltr'>Α.</span> <span class='ocrx_word' id='word_1_271' title='bbox 801 4018 908 4064; x_wconf 70' lang='lat' dir='ltr'>ero-sss</span> <span class='ocrx_word' id='word_1_272' title='bbox 924 4017 949 4065; x_wconf 83' lang='grc' dir='ltr'>Ιι</span> <span class='ocrx_word' id='word_1_273' title='bbox 968 4018 1018 4073; x_wconf 66' lang='lat' dir='ltr'>A..</span> <span class='ocrx_word' id='word_1_274' title='bbox 1038 4019 1154 4082; x_wconf 58' lang='grc' dir='ltr'><em>Μ</em></span> <span class='ocrx_word' id='word_1_275' title='bbox 1168 4017 1207 4070; x_wconf 67' lang='lat' dir='ltr'><strong>b</strong></span> <span class='ocrx_word' id='word_1_276' title='bbox 1218 4020 1263 4069; x_wconf 61' lang='grc' dir='ltr'><em>ὑ</em></span> 
     </span>
     <span class='ocr_line' id='line_1_38' title="bbox 324 4085 1110 4152; baseline 0.01 -21"><span class='ocrx_word' id='word_1_277' title='bbox 324 4085 756 4150; x_wconf 69' lang='lat' dir='ltr'>&#39;poparmsss&#39;tJOnmnud</span> <span class='ocrx_word' id='word_1_278' title='bbox 802 4087 1020 4152; x_wconf 54' lang='lat' dir='ltr'>aldanum</span> <span class='ocrx_word' id='word_1_279' title='bbox 1105 4140 1110 4147; x_wconf 83' lang='grc'><strong>,</strong></span> 
     </span>
    </p>
   </div>
   <div class='ocr_carea' id='block_1_6' title="bbox 0 0 1590 4890">
    <p class='ocr_par' dir='ltr' id='par_1_9' title="bbox 0 0 1590 4890">
     <span class='ocr_line' id='line_1_39' title="bbox 0 0 1590 4890; baseline 0 0"><span class='ocrx_word' id='word_1_280' title='bbox 0 0 1590 4890; x_wconf 95' lang='lat' dir='ltr'> </span> 
     </span>
    </p>
   </div>
  </div>
 </body>
</html>
