3150 4994
257 488 330 550 100·
466 452 615 547 nrsronu
635 494 793 545 serenus
814 494 850 542 nr
870 482 1012 543 anum·

104 696 226 744 nu.
299 670 375 733 Erat
393 675 538 753 praterea
558 669 618 730 illis
638 667 745 730 diebus
766 665 939 730 odolesoens
953 664 1077 746 quidam
1091 662 1218 735 Judeus,
1320 675 1322 680 ·

256 764 307 830 eui
338 785 398 828 uno
429 760 550 848 dierum?
577 782 631 845 per
652 763 734 823 visin
765 761 843 824 torto
871 761 958 823 eunti
978 759 1122 841 apperuit
1140 758 1219 819 aiter

252 860 385 942 juvenis,
415 858 504 920 vultu
536 878 572 922 ou
602 863 688 920 veste
720 856 851 919 decorus
909 855 979 930 Qui,
1013 855 1219 934 interrogatus

255 955 336 1017 nude
350 953 398 1016 vel
419 953 488 1034 quis
508 958 596 1025 esset,
610 952 692 1013 dixit
712 951 825 1032 sejam
847 950 919 1012 olim
940 969 980 1012 ex
1000 947 1100 1010 Judeo
1115 946 1219 1010 Chris·

254 1049 375 1109 tianum
388 1047 538 1119 effectum,
548 1044 739 1126 Stephanum
751 1041 1022 1124 protomartyrem¹
1036 1062 1108 1104 esse.
1136 1039 1219 1102 “Sed

254 1149 272 1175 '⁸
293 1141 352 1214 ea,''
373 1141 489 1223 inquit,
502 1146 520 1192 θ’
530 1158 622 1203 eausa
641 1157 725 1200 nuno
744 1137 783 1199 de
803 1137 877 1199 oseio
897 1138 936 1197 ed
959 1142 1054 1197 utras
1068 1133 1218 1206 deseendi,

254 1241 270 1268 ‘¹
291 1240 329 1297 ut
361 1240 405 1307 tu,
439 1232 560 1314 abjecta
593 1231 810 1314 superstitione
851 1230 990 1303 Judaica,
1024 1228 1217 1292 Christianus

252 1333 271 1363 ⁴⁶
293 1329 439 1400 efficiaris,
460 1335 493 1391 et
522 1347 589 1389 meo
618 1326 741 1388 nomino
761 1325 934 1406 baptizatus
962 1324 996 1385 in
1017 1323 1140 1386 Christo
1163 1343 1218 1405 ap·

254 1428 274 1457 ‘⁴
294 1421 438 1502 pelleris”
479 1421 578 1492 Dixit,
598 1427 631 1481 et
651 1421 691 1482 ab
711 1419 806 1481 oeulis
827 1419 893 1499 ejus
914 1419 1035 1498 elapsus
1054 1437 1117 1479 nen
1137 1436 1217 1479 eorn-

256 1513 368 1593 penit
409 1512 591 1574 Adolescens
611 1516 715 1572 autom
736 1512 844 1572 timore
864 1517 1019 1590 correptus
1040 1510 1121 1572 illico
1134 1529 1217 1591 pres·

181 1631 186 1638 ¹
255 1606 398 1685 bytemm
419 1605 504 1677 adiit,
518 1606 592 1685 quid
614 1605 734 1676 viderit,
755 1605 868 1684 quidve
888 1604 1028 1675 audierit,
1042 1603 1123 1666 eiaru
1142 1622 1216 1666 vooe
1324 1655 1326 1659 .

253 1698 399 1771 innotuit,
411 1718 503 1778 seque
524 1699 556 1758 in
578 1697 736 1763 Christum
757 1698 877 1760 eredere
898 1696 1051 1758 oonfessus
1071 1695 1215 1776 baptismi

251 1793 382 1872 gratiam
403 1792 508 1854 statim
529 1791 658 1872 adeptus
679 1797 733 1853 est
777 1790 864 1865 Quod
890 1790 1004 1853 sactum
1031 1810 1101 1853 eurn
1128 1796 1215 1871 pater
1276 1865 1278 1868 Α

251 1885 318 1965 ejus
337 1886 513 1967 agnovisset
532 1886 593 1947 aeri
615 1884 713 1946 cordis
734 1883 836 1945 dolore
849 1884 987 1946 efficitur.
1029 1883 1071 1944 Et
1084 1888 1215 1944 sestuens

251 1998 383 2059 quonam
403 1979 492 2040 modo
512 1979 575 2038 suis
596 1978 689 2038 saeris
708 1976 806 2036 filiurn
828 1982 928 2056 posset
950 1976 1119 2048 restituere,
1133 1976 1214 2037 didi·

132 2149 136 2155 y
249 2072 294 2135 eit
314 2071 564 2151 quemadmodum
587 2067 758 2130 Willelrnus
780 2089 833 2130 rex
861 2070 1030 2149 Anglorum
1052 2068 1214 2132 nonnullos

250 2161 432 2242 hujusmodi,
452 2161 588 2242 pecunie
616 2162 720 2242 gratis,
742 2181 838 2241 nuper
858 2161 1018 2224 «Iudaismo
1039 2162 1213 2224 reddiderit

249 2256 316 2317 luit
335 2277 407 2337 ergo
434 2256 474 2317 ad
506 2256 602 2330 illum,
622 2261 654 2316 et
685 2256 819 2336 qualiter
848 2256 983 2336 perdidit
1003 2256 1101 2317 filium
1122 2277 1212 2318 suurn
1324 2259 1327 2265 '

249 2348 376 2429 querula
396 2368 468 2412 vooe
497 2348 670 2428 depromsit.
723 2349 800 2412 Oret
820 2350 880 2410 sibi
910 2351 1054 2423 misereri,
1074 2356 1107 2412 et
1127 2350 1211 2414 unioi
1225 2366 1298 2418 risa

248 2463 330 2506 more
358 2462 378 2505 a
408 2464 440 2506 ao
470 2443 615 2506 dilectum
645 2444 780 2524 paternis
810 2449 897 2526 rogat
921 2443 1039 2526 legibus
1060 2445 1212 2527 imperiali

249 2538 405 2599 sanctione
427 2538 556 2599 restitui.
599 2537 693 2600 Tacet
720 2538 771 2598 ille
799 2539 837 2599 ad
859 2545 972 2620 rogote,
993 2539 1129 2600 nondum
1157 2560 1211 2602 au·
1251 2589 1255 2594 .

249 2633 335 2695 diens
356 2652 447 2712 quern
476 2632 515 2693 ob
536 2653 599 2693 rem
628 2633 683 2693 toli
704 2634 828 2714 negotio
848 2655 911 2694 sese
932 2633 1057 2696 deberet
1076 2636 1210 2697 medium

144 2774 145 2778 ,
248 2724 352 2787 faeere
394 2725 539 2786 Advertit
559 2725 677 2786 Judeus
698 2727 879 2806 mysterium
907 2747 960 2788 eur
988 2727 1051 2788 suis
1072 2729 1209 2808 precibus

246 2837 307 2879 non
336 2818 539 2899 responderet,
562 2824 593 2879 et
622 2840 639 2879 e
669 2820 798 2898 vestigio
829 2820 989 2900 sexaginta
1020 2840 1134 2882 marens
1163 2842 1210 2882 or·
1327 2885 1331 2892 ,

248 2911 332 2992 genti
363 2931 394 2972 se
423 2910 469 2970 illi
497 2910 641 2972 daturum
670 2910 696 2971 si
723 2911 884 2974 Judaisrno
909 2913 1083 2975 restitueret
1112 2914 1210 2975 filium

247 3023 335 3064 suum
358 3004 524 3084 pollicetur.
566 3004 700 3065 ‚lubente
726 3005 821 3085 igitur
845 3027 923 3087 rege,
942 3007 1066 3086 juvenis
1090 3007 1210 3088 ipsein

246 3102 439 3174 eonspeetem
468 3116 559 3156 suum
587 3097 757 3168 adducitur,
785 3104 817 3158 et
847 3120 900 3160 rex
934 3099 1020 3159 iilum
1052 3100 1109 3162 hae
1136 3120 1210 3164 νοω

247 3186 421 3266 alloquitur,
444 3188 619 3262 “Queritur
646 3197 733 3268 pater
761 3198 833 3250 tuus
861 3194 898 3252 de
927 3199 967 3264 to,
990 3192 1072 3272 quod
1100 3199 1210 3273 proter

247 3281 265 3310 '⁸
287 3276 438 3338 licentiam
468 3299 552 3339 suam
575 3279 766 3341 Christianus
787 3282 909 3344 effeetus
930 3305 970 3344 es.
1012 3283 1081 3346 Hoe
1109 3285 1135 3344 si
1165 3286 1210 3346 ita

247 3375 264 3403 ‘⁸
284 3376 338 3441 est,
370 3370 508 3451 precipio
543 3371 599 3432 titi
631 3375 776 3453 quatinus
808 3376 960 3437 voluntati
989 3375 1055 3457 ejus
1089 3377 1208 3440 satissa-

246 3469 262 3497 '¹
283 3464 374 3536 ciens,
393 3465 475 3526 omni
495 3467 622 3547 ambage
643 3469 766 3543 seclusa,
786 3469 946 3532 seuuemo
975 3477 1005 3532 to
1036 3471 1102 3533 sine
1124 3492 1211 3536 mora

138 3547 143 3555 ’
246 3562 264 3590 ··
284 3555 452 3618 mutua*
494 3555 552 3618 Oui
577 3559 702 3638 juvenis
733 3563 923 3641 respondens,
946 3562 1102 3627 “Domino
1128 3565 1209 3637 rex,''

244 3650 300 3723 ait,
319 3656 380 3713 “ut
409 3656 484 3731 puto
510 3649 646 3731 joarin?
687 3657 731 3717 st
759 3656 810 3719 ille
831 3656 1016 3739 indignatus,
1044 3657 1209 3733 “Tecum''

245 3741 348 3815 dixit,¹
374 3742 522 3823 “jeoamn
543 3745 680 3808 steroeris
707 3747 774 3809 filit
815 3749 932 3814 Reoede
956 3752 1059 3833 potius
1079 3758 1112 3814 et
1131 3771 1207 3833 pra·

684 3984 701 4026 ·-
776 3987 870 4054 tems]
883 3989 1007 4056 aquus.
