3136 4890
166 476 208 537 20
384 488 532 538 merenti
554 486 711 536 novenos
733 486 767 532 is
788 484 915 533 sucus

170 668 273 731 clerici,
295 670 422 722 sssocinte
449 669 499 722 sibi
528 675 640 722 terrenus
669 665 817 737 potcstatis,
839 665 968 719 inicorum
996 662 1130 723 videlicet,
1208 674 1211 682 ·

172 750 429 816 mutherisheim
449 750 544 821 spiritu
566 751 671 821 repleti,
691 750 840 803 moliuntur
860 749 893 802 de
912 747 1024 802 ecclesie
1038 744 1132 799 Suncti

174 835 322 889 Sulrstoris
336 836 363 886 in
377 833 548 896 Dorebemin,
563 851 624 901 qun
638 839 679 886 ost
692 830 846 900 metropolis
864 831 947 884 totius
962 819 1132 889 Britnnnim,¹

176 916 322 968 monachos
348 915 477 982 expellere
503 921 532 968 et
558 915 667 967 clericos
695 914 762 966 inibi
790 919 914 965 statuero.
956 911 1006 965 eni
1031 910 1133 962 nesorio

179 996 255 1065 operi
276 995 421 1049 molitionis
435 1013 490 1049 uun
511 998 561 1049 hoc
581 995 695 1063 odjiocre
720 1002 860 1058 conentur,
881 1001 913 1047 ut
933 992 961 1046 iu
984 993 1057 1046 omni
1072 992 1133 1045 sedo

174 1077 320 1148 opiseepsli
351 1078 417 1131 ordo
445 1079 634 1132 monschoruni
664 1079 821 1145 extirpetur,
843 1077 919 1145 quusi
951 1077 979 1128 in
1010 1076 1050 1128 eis
1078 1091 1133 1127 non

175 1160 269 1226 rigent
288 1159 431 1212 ouotoritu
457 1160 602 1226 roligionis.
653 1160 711 1224 Qun
731 1160 764 1212 do
785 1176 822 1221 ro,
844 1160 901 1211 nolo
922 1158 971 1210 Dei
992 1155 1132 1224 compulsi,

176 1240 337 1295 scrutinium
368 1241 401 1295 de
431 1241 579 1310 privilegiis
607 1241 777 1295 ecclosisrum
807 1239 865 1294 iiori
893 1239 1077 1309 precepimus,
1105 1244 1134 1291 et

177 1324 255 1377 venit
274 1323 308 1376 sd
327 1340 422 1376 munus
435 1330 564 1377 stututum
581 1323 780 1392 predecessoris
799 1323 884 1376 nostri
899 1323 983 1376 boetus
997 1321 1132 1374 monuerim

178 1405 303 1471 Gregorii
323 1404 431 1470 majoris
451 1404 484 1458 do
504 1406 623 1458 ecclesiis
649 1406 768 1471 Angiiu),
789 1404 921 1472 quomodo
941 1404 1044 1455 scilieet
1064 1420 1132 1470 prro·

76 1481 87 1497 '
178 1486 253 1555 oepit
271 1486 424 1553 Augustino
443 1487 532 1555 gentis
552 1493 647 1540 nostrie
677 1487 798 1555 apostolo
826 1492 857 1539 ut
885 1484 1004 1553 ejusdem
1032 1484 1133 1537 ordinis

128 1611 136 1621 .
178 1569 261 1630 risos,
282 1567 358 1634 ouius
377 1575 405 1621 ot
425 1568 482 1637 ipso
502 1570 622 1623 noscitur
649 1587 714 1630 osso,
736 1577 846 1637 poneret
875 1568 903 1620 in
933 1569 1043 1636 prnsntu
1072 1567 1132 1619 sodo

178 1650 392 1717 metropolitem.
443 1649 526 1716 Cujus
546 1650 742 1717 prmocptionis,
765 1650 916 1710 intersitio,
939 1650 996 1701 inec
1016 1649 1134 1700 subnexo

177 1736 252 1783 sunt.
303 1731 399 1797 “Quis
419 1722 491 1793 tul·
513 1731 611 1799 inquit,
640 1732 822 1784 “fraternitas
850 1730 1004 1783 monnetorii
1032 1729 1133 1797 regulis

178 1815 198 1840 ‘⁴
221 1812 326 1866 mdits
346 1813 374 1865 in
388 1813 499 1867 ecclesis
519 1814 680 1881 Auginum,
701 1831 762 1882 qun
776 1831 870 1882 nuper,
891 1819 998 1867 unctero
1012 1814 1077 1875 Deo.
1099 1812 1133 1865 nd

178 1897 198 1921 ‘⁴
222 1896 300 1948 tidem
322 1895 447 1962 perdocte
477 1902 526 1956 est.
548 1897 616 1948 huno
637 1897 715 1948 debet
734 1895 962 1948 conversationem
983 1895 1133 1955 instituere,

177 1977 197 2001 '⁴
220 1993 281 2043 qun
290 1976 318 2026 in
333 1975 411 2028 initio
419 1976 553 2029 nssoentis
563 1976 681 2029 ecclesius
693 1976 745 2028 suit
753 1977 872 2044 putribus
883 1977 990 2037 nestris,
1001 1976 1028 2027 in
1037 1977 1133 2044 quibus

177 2058 197 2085 ⁰⁸
220 2058 311 2110 nulius
323 2075 414 2111 oerum
428 2076 459 2112 ex
474 2057 508 2112 iis
528 2076 588 2128 qum
604 2058 771 2127 possideinnt
784 2058 887 2127 sliquid
901 2076 978 2112 suum
993 2076 1049 2112 osse
1062 2059 1135 2112 dico·

177 2143 197 2167 ‘⁸
220 2139 334 2200 bctsed
354 2148 431 2193 erunt
452 2141 506 2193 iilis
527 2142 788 2193 omniucomnnunin
831 2143 916 2205 Quem
938 2141 1135 2193 communionis
1185 2132 1189 2138 ’

177 2223 196 2248 “
220 2221 339 2287 regulum
370 2222 457 2274 ordini
486 2222 675 2273 monachorum
697 2222 858 2289 permaximo
878 2239 1025 2289 congruere
1056 2240 1135 2274 nomo

177 2306 197 2330 ‘⁸
219 2304 266 2371 qui
287 2302 419 2357 dubitet.''
460 2302 532 2357 Hine
553 2304 666 2358 hebetur
685 2304 797 2374 epistole
817 2304 948 2360 Bonit'eeii
964 2305 1010 2373 qui
1025 2312 1135 2373 quurtus

177 2403 195 2438 ι
224 2386 306 2438 Bouto
327 2386 455 2452 Gregorio
475 2387 593 2440 ecclesie
609 2388 736 2440 Romnum
757 2388 811 2449 cui,
832 2395 941 2441 auctore
964 2390 1028 2447 Deo.
1044 2389 1134 2460 prussi-

177 2466 272 2519 ‹iemus
299 2468 416 2534 prefuit,
444 2483 524 2536 quum
551 2468 719 2521 AEthelborto
745 2471 802 2536 rogi
830 2469 982 2536 Angtorum
1009 2476 1038 2523 et
1065 2470 1135 2522 qu-

176 2548 267 2602 rentio
289 2548 485 2617 urehiopiscopo
505 2549 690 2618 prndooessori
717 2558 805 2604 vostro
836 2552 919 2613 misit,
942 2552 970 2604 in
991 2569 1053 2620 que.
1075 2553 1135 2621 qui·

175 2630 289 2683 eosdm
319 2632 471 2698 premissis,
493 2633 646 2698 hnjusnuodi
674 2650 785 2685 censure
805 2635 983 2686 snuthomntis
1004 2652 1067 2686 ustus
1088 2642 1135 2687 ost

177 2713 196 2737 ⁸⁸
220 2711 368 2771 Gloriose‚”
383 2711 480 2780 inquit.
496 2713 572 2771 “flti.
588 2714 658 2781 quod
678 2714 713 2766 sb
732 2716 877 2781 upostolieo
897 2715 957 2768 sodo
979 2733 1026 2782 por
1046 2718 1135 2784 coepi·

177 2795 197 2818 ⁸⁸
220 2808 328 2859 scopum
357 2800 476 2846 uestrum
498 2795 633 2847 Meiliturn
661 2797 824 2863 pistuiustis,
847 2797 941 2849 libenti
962 2798 1052 2849 nnimo
1073 2816 1134 2850 con·
1148 2815 1257 2866 ¹⁸22&

178 2879 197 2901 ⁸⁸
220 2873 356 2936 eedimun
388 2876 416 2927 id
442 2882 484 2928 ost
514 2882 546 2929 ut
574 2883 662 2929 vostre
683 2877 833 2944 benignitus
855 2878 882 2930 in
915 2880 1075 2932 monosterio
1106 2881 1134 2931 in
1217 2920 1221 2930 .

129 2992 134 3001 .
178 2958 197 2981 ⁸·
222 2956 414 3008 Dorebcmonui
428 2958 537 3011 oiritute
558 2959 714 3021 constituto,
729 2960 800 3027 quod
821 2967 928 3012 sunctuu
941 2959 1035 3014 doctor
1048 2968 1136 3014 restcr

178 3039 198 3063 ‘⁸
221 3038 389 3102 Augustinus
423 3038 508 3093 beutn
543 3042 677 3094 memori·
712 3042 835 3108 Gregorii
866 3043 1013 3110 discipulos
1043 3044 1135 3098 Sancti

179 3122 199 3146 ⁸·
222 3119 367 3170 &lucteris
387 3122 489 3173 nomini
510 3125 682 3184 consecrarit,
704 3124 746 3175 cui
767 3124 802 3174 ud
824 3141 939 3191 preosens
961 3141 1072 3192 prmcsso
1093 3126 1134 3179 di·

177 3200 198 3226 “
221 3198 340 3250 numitor
359 3200 547 3253 dilectissimus
567 3205 649 3255 irster
669 3210 759 3257 uester
773 3204 942 3267 laurentius,
957 3206 1068 3259 licenter
1088 3224 1136 3274 per

178 3282 199 3306 ⁸·
221 3280 313 3331 omnio
342 3282 529 3335 monochorunu
564 3285 724 3351 regulsriter
758 3287 906 3340 virentium
942 3287 1135 3343 hubitetiouem

176 3364 197 3390 ‘⁸
220 3368 330 3423 must.
359 3365 502 3430 spectetios
529 3367 687 3421 suctoritoto
715 3369 895 3432 decernentes,
915 3378 947 3423 ut
967 3370 1018 3438 ipsi
1039 3379 1135 3425 restrn

177 3445 198 3471 ‘⁸
220 3443 315 3494 scintis
335 3444 519 3511 praetenera
540 3448 662 3500 monochi
683 3450 872 3502 monachorum
893 3468 1001 3519 gregem
1022 3453 1073 3505 sibi
1094 3470 1134 3505 us·

175 3526 197 3553 ⁸‘
219 3524 332 3587 socient.
366 3531 395 3579 et
427 3543 519 3581 eorum
548 3529 631 3581 ritum
663 3532 836 3585 sunctitstum
857 3533 975 3587 moribus
996 3542 1134 3590 exornent.
1204 3548 1208 3556 “

174 3610 195 3636 ’·
218 3608 286 3673 Qu·
307 3614 398 3660 nosos
417 3608 523 3663 decretu
550 3610 633 3679 siquis
660 3629 839 3666 suceessorum
859 3623 1018 3677 rostrorum.
1039 3633 1133 3683 rogum

77 3698 95 3732 0
173 3692 194 3717 ⁴⁶
216 3689 276 3742 sive
298 3688 489 3758 opiscoporum,
511 3691 666 3744 elericorum
695 3694 752 3746 siro
782 3694 919 3760 lsioorum,
941 3697 1019 3751 irrito
1047 3698 1133 3752 secem

172 3772 193 3801 ⁸⁴
215 3768 401 3840 teuuphvsrit‘,
429 3788 446 3825 s
477 3772 598 3842 principe
626 3777 806 3842 spostolorunu
838 3778 918 3832 Petro
944 3786 973 3833 ot
992 3796 1009 3833 u
1028 3781 1134 3834 eunctis

169 3857 191 3882 ⁰·
213 3851 413 3907 amoribus
432 3853 488 3907 suis
508 3856 686 3909 unsthemstis
706 3858 815 3912 viuculo
835 3859 980 3927 subint»
1001 3861 1133 3933 (tmus-

436 4137 442 4149 ,
490 4071 656 4139 tune-uta]
668 4077 841 4161 nse-sm.
