3136 4890
332 419 480 468 msronm
502 419 659 467 seroneti
682 419 716 466 ru
738 418 858 466 ironia
1041 404 1079 466 17

114 611 199 672 reges
222 590 340 673 Anglire
360 612 417 654 sua
437 591 647 654 munificentia
674 590 871 653 contulerunt
899 591 932 649 ot
952 585 1079 648 stabiles

116 685 148 744 in
170 693 349 764 perpetuum
372 705 492 746 manere
513 685 717 746 sacratissima
736 683 892 745 sanctione
912 680 1078 743 constitue·

115 786 196 850 runt,
218 778 407 858 quorundam
429 777 634 858 imprudentia
663 776 798 857 perditas
828 795 885 836 sua
915 772 1081 855 prudentia

115 874 311 954 recuperavit.
354 872 421 934 Ode
442 873 590 954 siquidem
604 873 763 953 episeopus
785 869 974 940 Baioeensis‚¹
992 867 1080 930 etde

116 966 184 1027 aliis
207 976 330 1037 taceam,
351 967 445 1026 frater
465 966 602 1046 prrodicti
624 965 704 1045 regis
725 965 870 1026 Willolmi
902 968 935 1025 et
956 963 1077 1025 Cantim

115 1080 221 1132 eomes,
273 1061 447 1140 priusquam
498 1058 684 1120 Larrsruneue
736 1058 879 1140 Angiiam
935 1056 1081 1118 intrasset

114 1173 242 1233 rnagmus
263 1151 499 1233 etprrepoteus²
520 1173 573 1232 por
605 1158 706 1213 toturn
739 1171 867 1232 regnum
896 1149 1079 1211 habebatur.

117 1248 185 1318 Hic,
206 1248 412 1307 dominatione
433 1266 493 1326 qua
514 1246 546 1306 in
569 1246 749 1306 immensum
769 1243 999 1315 sustollebatur,
1019 1263 1080 1303 non

118 1341 206 1401 modo
241 1349 344 1411 terras,
379 1341 431 1402 sed
465 1346 498 1401 et
532 1339 703 1401 libertatem
739 1339 904 1401 nominatio
940 1337 1081 1408 eceleaire,

117 1436 247 1496 nulle
221 1459 249 1496 or
271 1437 435 1505 resistente,
457 1434 667 1514 multiplieiter
696 1434 861 1505 invaserat,
882 1438 1081 1513 oppresserat,
1159 1467 1170 1479 ·
1278 1423 1284 1432 ’

117 1531 250 1590 tenebat.
294 1530 370 1602 Qum
391 1528 443 1588 ubi
467 1527 652 1589 Lansrmcus
674 1532 710 1587 ut
741 1533 831 1587 erant
859 1526 977 1598 didicit,
998 1525 1081 1604 apud
1093 1533 1233 1623 Mum

117 1642 216 1702 regem
238 1622 275 1682 de
297 1623 416 1681 illiso
378 1643 413 1701 οθ
397 1622 442 1681 nit
462 1621 541 1681 sicut
562 1627 699 1700 oportere
720 1619 842 1682 sciebat
886 1618 977 1679 Unde
1006 1638 1081 1726 prce·
1093 1628 1229 1720 &02

116 1716 197 1794 cepit
218 1736 270 1775 rex
292 1716 445 1794 quatinus,
466 1714 609 1775 adunatis
630 1713 815 1793 prirnoribus
836 1718 869 1773 et
890 1711 1036 1792 probis
1006 1711 1082 1771 viris
1093 1718 1217 1814 ⁸3¹¹·-

116 1829 176 1868 nen
198 1807 294 1868 solum
317 1808 354 1868 de
374 1808 521 1869 comitatu
536 1806 731 1877 Cartiman
755 1813 786 1867 et
807 1805 845 1867 de
866 1804 935 1864 aliia
956 1804 1081 1867 comita·

116 1903 198 1960 tibus
213 1901 341 1980 Angliee‚
356 1900 485 1979 querelas
500 1900 692 1960 Laniranci
684 1919 717 1958 m
740 1899 875 1959 medium
889 1874 1083 1968 ducerentur,

115 1995 373 2066 omnipotenter,
387 1993 672 2054 determinarentur.
708 1991 866 2072 Disposito
880 1991 986 2070 itaque
1000 1991 1082 2071 apud

117 2086 289 2145 Pinnedene
324 2085 494 2165 principum
531 2090 693 2156 conventu,
730 2084 886 2147 Goffridus
923 2085 1082 2164 episeopus

116 2179 366 2248 Constantionsis,
388 2179 435 2238 vir
466 2199 501 2237 eo
523 2184 705 2256 tempestate
727 2177 876 2257 praedives
907 2178 938 2237 in
961 2177 1082 2257 Anglia,

118 2271 183 2332 viee
206 2271 283 2351 regis
306 2271 472 2332 Lansranco
489 2269 644 2348 justitiam
667 2270 704 2331 da
726 2271 789 2330 suis
818 2270 949 2350 querelis
982 2271 1080 2333 faeere

114 2365 226 2443 jussus,
247 2367 453 2425 strenuissime
474 2365 552 2425 fecit.
597 2364 785 2426 Lanirancue
805 2365 887 2424 enirn
909 2364 1013 2425 valida
1033 2384 1082 2427 ra·

119 2459 201 2518 tione
222 2458 371 2518 sulmixus
405 2479 443 2519 cx
473 2457 624 2520 communi
645 2457 780 2518 omnium
802 2456 1019 2537 astipulatione
1051 2463 1084 2519 et

114 2551 232 2630 judicio
254 2551 295 2610 ibi
317 2558 427 2613 cuneta
448 2550 637 2630 recuperavit
657 2569 726 2629 queo
756 2556 877 2610 ostensa
908 2558 981 2611 sunt
1001 2552 1081 2612 anti·

119 2645 223 2722 quitus
245 2644 283 2703 ad
304 2645 376 2722 jura
404 2644 536 2706 ecclesiia
557 2642 673 2704 Christi
695 2642 924 2704 Cautuariensis
944 2644 1082 2724 pertinu-

120 2737 186 2807 isse
207 2745 269 2796 tam
293 2736 323 2797 in
346 2737 433 2797 terris
455 2756 545 2817 quom
567 2736 599 2797 in
620 2735 749 2797 diversis
769 2736 1046 2799 consuetudinibus

162 2830 238 2888 ltem
275 2831 335 2889 alii
377 2839 512 2908 ternpore
547 2829 626 2889 idem
663 2829 738 2898 Ode.
775 2830 970 2908 permittente
1004 2852 1153 2933 regem
1095 2846 1233 2889 hem

120 2923 264 3028 placitum
281 2924 415 2982 instituit
429 2930 533 2984 eontra
547 2922 721 3002 srepcsatam
736 2923 890 2984 eeclesiam
905 2932 937 2985 et
951 2930 1082 2986 tutorem
1093 2938 1243 2983 nnana

120 3018 185 3094 ejus
207 3023 323 3094 patrem
339 3017 549 3086 Lansrancuro,
562 3022 595 3076 et
616 3015 689 3079 illue
709 3036 813 3078 ornnes
827 3037 903 3097 ques
924 3019 1084 3099 peritiores

120 3109 220 3189 legunt
243 3118 274 3169 et
297 3131 405 3169 usuum
420 3110 541 3188 anglici
565 3111 651 3190 regni
667 3121 796 3172 noverat
815 3131 929 3193 gnarus
942 3113 1084 3175 adduxit

83 3222 87 3227 ·
121 3202 197 3264 Cum
222 3203 316 3282 igitur
336 3204 374 3263 ad
397 3203 647 3266 eventilationem
667 3224 826 3267 causamur
849 3211 976 3268 ventum
997 3216 1084 3280 esset,

120 3317 225 3356 omnes
246 3297 335 3375 quit
322 3298 443 3359 tuendis
463 3296 596 3360 eeclesiae
616 3299 716 3360 causis
737 3319 858 3380 quaqua
878 3310 1084 3366 convenerant
1117 3330 1126 3339 ·

121 3391 153 3448 in
175 3392 272 3469 prime
293 3411 452 3471 congressu
475 3395 520 3453 ita
548 3393 682 3453 convicti
711 3401 850 3463 suntet
880 3395 913 3455 in
944 3416 1006 3475 que
1034 3417 1086 3458 aas

121 3489 278 3543 tuerentur
298 3485 388 3544 simul
410 3486 595 3546 amitterent
638 3485 708 3566 Ipse
739 3504 873 3567 namque
899 3486 1086 3552 lanfrancus

122 3595 181 3635 non
214 3577 364 3636 intererat
407 3577 532 3638 Talibus
566 3578 657 3648 enirn,
685 3578 745 3639 nisi
774 3581 938 3643 naeuius
968 3601 1089 3644 aemma

158 3861 284 3921 'siquiden
299 3862 417 3920 episcopm
437 3860 584 3923 nmen]
617 3861 760 3911 ΟΙΜ
776 3862 800 3910 h
818 3864 868 3919 a..
885 3862 961 3912 which
979 3864 1091 3928 Um·
1197 3868 1204 3878 ⁸

127 3934 241 3994 parentib
252 3932 360 3992 siquiden
375 3933 516 3977 Beimsir.

158 4005 313 4066 ww]
326 4015 455 4064 rerem·
474 4006 522 4050 ¹¹⁸-

210 4080 309 4125 sear.
950 4098 969 4145 3
1017 4127 1024 4138 ⁶
