3136 4890
124 599 128 607 ·
233 583 293 643 260
446 594 592 641 nrsrenm
615 593 770 640 novorum
793 593 826 639 ru
849 589 975 639 sueres

95 781 208 827 mim
275 772 413 839 Supplices
441 779 469 823 ot
498 772 573 822 humi
602 771 713 838 podibus
734 768 830 821 restris
858 769 985 836 prostrati
1006 769 1196 837 paternitatem

138 888 142 896 ·
233 859 349 906 rostrum
378 853 558 920 deprecamur,
580 858 611 904 nt
640 854 754 905 eloctum
784 856 906 903 nostrum
937 852 1096 904 consecretis
1123 851 1196 903 citis·
1229 871 1232 876 ·

234 938 301 988 simo
322 937 350 987 in
371 936 532 1004 episcopum.
555 952 603 1002 pro
624 934 673 988 Dei
700 951 789 987 omero
809 940 837 986 ct
857 935 943 987 seluto
964 934 1062 986 unimus
1082 929 1201 996 vestrior
1265 922 1281 935 ⁹

235 1018 379 1084 quiscum
400 1035 498 1083 magna
518 1018 669 1070 calamitate
690 1018 856 1085 permultos
883 1032 967 1069 anuos
994 1032 1115 1069 caremus
1135 1032 1197 1083 pas·

235 1106 301 1162 toro,
322 1100 351 1151 in
372 1100 468 1168 quibus
496 1116 545 1152 neo
564 1100 680 1152 chrisma
701 1098 852 1161 habuimus,
874 1115 923 1151 nec
943 1098 1045 1167 aliquid
1066 1099 1197 1152 Christia-

235 1183 329 1235 nitatis
349 1199 420 1236 voro.
462 1183 589 1234 Vestrum
610 1188 651 1235 est
672 1183 756 1249 igitur
776 1198 928 1234 succurrere
948 1189 1047 1235 nostre
1068 1180 1196 1243 ecclesiae,

235 1265 299 1332 quis
319 1265 376 1318 lilia
395 1270 435 1317 eet
453 1271 551 1318 vestrm
572 1266 666 1318 matris
685 1263 812 1318 ccclesia).
854 1265 933 1317 Etsi
954 1281 1036 1326 nunc,
1058 1264 1129 1332 quod
1149 1264 1196 1316 ab·

236 1347 281 1410 sit,
310 1348 463 1416 episcopum
495 1365 547 1400 non
578 1348 733 1402 habebimus
761 1365 793 1400 cx
822 1354 910 1401 restro
940 1354 1025 1416 purte,
1047 1364 1197 1415 queremus

236 1431 351 1499 sliquem
373 1432 407 1484 do
427 1430 557 1484 Hibernia
578 1431 674 1493 insnln,
696 1431 738 1484 rel
767 1431 800 1484 do
831 1431 884 1484 alia
908 1431 998 1499 aliqua
1017 1431 1130 1484 horbem
1156 1447 1196 1484 ro·

236 1513 323 1581 giono.
364 1515 399 1567 Iu
419 1515 476 1567 Doo
495 1520 595 1567 crescat
615 1514 734 1582 dignitus
753 1519 847 1567 restra.

81 1606 194 1695 pm*
280 1601 347 1663 Hac
377 1620 497 1680 precum
528 1602 675 1662 instantia
703 1607 736 1663 et
764 1621 864 1662 rerum
885 1600 1053 1663 necessaria
1080 1601 1197 1663 ratione

84 1700 218 1795 39¹2·ss
240 1701 393 1776 permotus
420 1696 556 1767 antistes,
578 1696 730 1756 hominem
758 1696 888 1775 benigno
908 1702 1081 1776 susceptum
1102 1696 1197 1776 pluri·

84 1792 158 1887 ως
183 1794 202 1890 1}
240 1791 297 1851 mis
321 1789 428 1851 diebus
449 1810 549 1852 secum
571 1792 712 1853 decenter
732 1791 868 1862 retinuit,
889 1795 921 1852 et
948 1789 1101 1851 nonnullis
1129 1811 1197 1870 quur
1297 1861 1300 1868 ¹

239 1884 353 1946 Divina
372 1891 444 1945 sunt
465 1884 627 1965 diligenter
651 1884 794 1945 instituit.
837 1884 955 1946 Deinde
976 1884 1107 1947 sacravit
1128 1905 1197 1946 cum

238 1979 269 2038 in
292 1979 463 2058 pontificem
488 1980 570 2058 apud
593 1979 895 2039 westmonasterium
919 1978 950 2038 ii.
972 1979 1051 2039 Nou.
1072 1979 1196 2059 Aprilis,

236 2078 358 2151 sumpta
377 2073 418 2132 ab
436 2092 471 2132 eo
492 2071 673 2151 professione
695 2071 732 2131 de
753 2071 939 2149 sulp’ectione
960 2077 991 2132 et
1011 2072 1197 2134 oboedicntia

235 2171 346 2227 sanctm
378 2167 467 2227 matri
503 2166 633 2228 ccclesiae
669 2166 891 2236 Cuntunricnsi,
918 2174 951 2227 et
984 2167 1042 2227 sibi
1071 2172 1103 2228 ct
1130 2188 1197 2229 suc·

234 2260 399 2321 censoribus
434 2260 496 2319 suis
535 2258 714 2320 exhibenda
776 2261 858 2322 Huic
896 2262 1113 2322 consecrationi
1150 2260 1196 2322 in·

235 2354 406 2414 tersuerunt
433 2361 465 2414 et
497 2360 704 2433 cooperatores
735 2354 906 2414 extiterunt
934 2356 1115 2436 suffraganei
1150 2375 1197 2417 ec·

235 2447 331 2508 elesius
353 2447 468 2509 Christi
493 2447 731 2518 Cantuariensis,
752 2448 900 2510 Ricardns
921 2449 1064 2511 videlicet
1084 2450 1198 2530 episco-

236 2563 292 2623 pus
338 2542 566 2614 Lundoniensis,
609 2544 759 2605 Robortus
802 2544 1009 2617 Lincoliensis,
1050 2545 1198 2625 Rogerius

237 2637 444 2708 Sertoriensis,
465 2643 496 2698 et
518 2638 660 2698 Urbanus
682 2637 962 2718 Gimnergetensis.†

81 2735 219 2832 wrm
279 2733 337 2792 His
358 2733 464 2793 diebus
486 2733 619 2793 excitata
639 2737 685 2792 est
706 2733 877 2794 sollicitudo
897 2734 1064 2795 multorum
1084 2734 1122 2794 ud
1152 2735 1198 2795 in·

79 2829 205 2926 2qu
238 2827 448 2906 vestigandum
471 2827 667 2887 auctoritates
695 2832 727 2886 et
753 2828 880 2907 antique
908 2829 1068 2907 privilegia
1089 2829 1199 2907 prima·
1280 2877 1284 2882 .

236 2927 287 2981 tus
308 2941 396 3000 quem
419 2921 543 2982 ecclesia
564 2920 802 2991 cantuariensis,
824 2942 891 2999 qum
919 2927 966 2982 est
988 2921 1329 2982 nonomen-rausa

235 3015 285 3088 sis,
306 3015 364 3075 sibi
388 3016 524 3075 vindicet
551 3035 641 3094 super
662 3014 816 3075 ecclesium
839 3016 1063 3077 Eborueensem.
1108 3017 1197 3090 Quod
1236 3064 1242 3076 ,

235 3128 271 3168 ca
292 3128 322 3168 re
348 3109 479 3168 maxime
508 3109 646 3186 contigit,
667 3109 739 3186 quia
765 3128 863 3179 coum,
885 3128 953 3187 qum
975 3111 1055 3170 inter
1084 3110 1197 3170 Radul·

236 3201 298 3259 sum
328 3202 501 3280 pontificem
534 3202 767 3261 cantuariorum
799 3209 831 3262 et
855 3201 1061 3262 Thurstunum
1085 3202 1196 3263 Ebora·

235 3314 353 3354 oensem
381 3314 520 3373 cousque,
542 3299 578 3353 ut
599 3295 819 3373 descripsimus,
843 3295 1028 3366 versabatur,
1056 3295 1089 3356 in
1116 3297 1196 3356 noti·

237 3388 310 3448 tiam
341 3389 608 3448 transmarinorum
639 3389 845 3469 episcoporum
875 3389 976 3450 delata
1003 3390 1197 3471 tumetipse

214 3479 406 3562 ¹Thumtuno
431 3482 702 3561 propugnationem
734 3502 837 3542 comm
866 3482 924 3544 sibi
953 3490 1059 3546 centra
1079 3490 1196 3563 patrem

236 3573 401 3634 Radulium
430 3576 527 3637 modis
555 3577 694 3636 omnibus
717 3576 888 3638 asciscente.
931 3576 973 3637 Et
999 3576 1044 3636 illi
1065 3577 1197 3656 quidem,

236 3675 343 3748 utpote
363 3671 614 3730 consuetudinum
637 3676 669 3730 ct
688 3670 916 3751 privilegiorum
936 3669 1067 3733 eoeleste
1081 3671 1196 3733 Cirristi

236 3760 464 3821 Cantuariensis
483 3763 588 3841 ignari,
604 3763 830 3824 immoderatius
851 3765 1023 3826 Thumtano
1043 3764 1197 3839 favebunt,

235 3860 440 3925 autumantes,
472 3862 507 3915 ut
537 3856 599 3935 ipse
632 3857 754 3927 serebat,
776 3857 942 3918 Redull‘um
971 3859 1004 3918 ri
1033 3859 1129 3938 magis
1157 3879 1195 3920 cx

235 3947 412 4009 divitiarum
433 3948 527 4028 copiis
549 3950 723 4029 prodeunte,
745 3969 837 4030 quam
867 3951 972 4033 priscas
1003 3952 1196 4015 auctoritatis

234 4046 266 4101 ct
286 4040 490 4102 Romanorum
512 4043 688 4122 pontificum
717 4043 886 4127 privilegiis
913 4045 946 4106 in
973 4045 1038 4108 suia
1055 4045 1195 4108 moue·

396 4226 544 4275 ‘quernae
565 4261 572 4275 .
594 4261 600 4274 .
622 4262 628 4276 .
652 4228 874 4293 tilunorpatmirl]
887 4233 1013 4282 nont.
