3136 4890
497 491 647 541 scismata
669 490 825 541 novonuu
847 489 881 537 m
903 486 1030 536 Alium.
1205 472 1243 529 15

282 671 408 746 experta
427 685 489 728 uon
507 652 579 728 estl
620 664 719 728 Testis
749 664 949 745 bommqum
978 654 1245 728 dicimus,1talia‚
1349 722 1353 731 ,
1431 716 1439 729 ,
1491 718 1496 729 ,

284 763 392 834 Gallia,
407 763 568 826 Britannia
580 768 635 834 cst,
644 782 713 844 quae
724 781 820 843 usqua
833 760 924 823 bodio
938 764 1067 821 mortem
1081 752 1245 816 lamium
1257 824 1299 867 m.
1305 822 1375 865 m

285 858 454 920 miserando
483 858 613 940 suspirio
641 857 768 938 plangit
813 855 895 932 Quid
917 853 1043 915 reseram
1064 850 1102 910 do
1122 845 1247 909 abbatia
1257 869 1400 913 mu
1432 888 1435 893 ·
1506 902 1513 911 .

286 950 390 1011 Sancti
412 951 532 1022 Albani,
552 971 643 1030 quam
673 949 757 1010 intus
781 954 813 1010 et
836 953 924 1010 extra
954 946 994 1008 ad
1024 941 1155 1006 nibilum
1184 917 1353 1052 seneffia·

285 1043 497 1104 devolutam
490 1064 553 1124 ipsa
573 1049 609 1103 ut
635 1062 729 1114 suam,
751 1043 893 1103 instituto
921 1040 949 1102 oi
978 1039 1066 1101 bonas
1095 1013 1350 1149 memoriam

286 1133 380 1195 Paulo
414 1135 533 1205 abbate,
566 1154 586 1196 a
620 1134 829 1195 fundamentis
863 1131 1068 1203 raeedificavit.
1096 1137 1129 1191 ot
1162 1129 1247 1189 intus

286 1247 396 1307 magna
409 1228 561 1309 religione,
574 1227 647 1288 ioris
660 1227 825 1287 multarunu
846 1245 946 1287 rerum
967 1223 1137 1292 donatione,
1150 1219 1248 1290 auxit,
1345 1264 1377 1277 ..

286 1319 468 1390 honestavit,
448 1320 626 1381 tditavitt
668 1319 706 1379 ln
727 1320 901 1399 episcopatu
922 1316 1048 1380 Roiensi
1068 1335 1130 1377 non
1151 1312 1249 1375 multo
1259 1314 1380 1410 Q·
1430 1318 1434 1323 '

287 1413 388 1491 plures
418 1432 510 1491 quam
540 1418 670 1492 quatuor
698 1411 870 1481 canonicos,
891 1419 924 1470 et
944 1410 1025 1489 ipsos
1046 1423 1247 1469 aerumaosam

287 1504 384 1562 vitam
415 1511 549 1584 agentes,
583 1504 640 1563 sub
675 1502 814 1564 Siwordo
848 1503 988 1583 episcopo
1016 1499 1136 1580 reperit
1189 1496 1251 1572 Qui

288 1596 445 1675 episcopus
466 1596 518 1655 ubi
539 1614 608 1657 cum
631 1595 767 1664 Emoste,
788 1614 878 1674 quem
902 1595 931 1654 ei
953 1610 1152 1656 successorem
1172 1589 1254 1651 Ian·
1333 1596 1341 1609 '

288 1688 409 1750 francus
430 1695 588 1763 statuerat,
603 1689 745 1770 prementi
767 1687 841 1751 vim
860 1686 999 1748 sublatus
1019 1690 1075 1756 ml,
1087 1681 1254 1745 monachus

290 1783 348 1860 pim
379 1782 602 1853 reeordationis,
634 1782 809 1843 (lundulfus
840 1781 971 1851 nomine,
999 1779 1039 1840 ub
1068 1778 1173 1840 eodem
1208 1776 1252 1837 ibi
1331 1796 1338 1817 -·

290 1874 470 1954 submgatus
484 1876 640 1958 episcopus
661 1880 713 1935 eat
759 1873 816 1935 Per
830 1874 911 1935 hunc
924 1878 1078 1934 vetustam
1098 1870 1254 1932 ecclesiam

291 1968 480 2048 episcopatus
510 1989 579 2030 cum
609 1969 725 2030 saturica
753 1968 911 2049 adjacente
932 1965 1101 2038 subvertit,
1121 1972 1154 2026 ct
1173 1981 1255 2024 nova

292 2081 418 2139 queque
449 2063 594 2122 extruxit
652 2061 782 2124 clericos
812 2062 864 2142 qui
900 2060 971 2136 illic,
1002 2059 1083 2121 sicut
1110 2057 1256 2128 diximus,
1368 2116 1374 2131 ‚

292 2155 388 2213 vitam
409 2155 548 2233 agemont,
563 2160 617 2216 aut
639 2157 670 2214 in
691 2155 796 2217 codem
817 2154 881 2216 loeo
902 2154 942 2216 od
962 2152 1116 2233 religionis
1136 2151 1256 2214 ctulmcn

292 2247 409 2319 crexit;
439 2249 604 2318 arrt'datis
632 2247 701 2309 aliis
732 2246 822 2307 rebus
851 2246 1020 2327 dequibus
1049 2244 1256 2307 abundantius

292 2340 381 2400 solito
402 2343 516 2401 victum
538 2349 570 2401 et
589 2343 735 2401 vestitum
764 2341 918 2412 haberent,
939 2340 971 2401 iu
991 2339 1052 2401 alia
1073 2339 1137 2402 loos
1157 2345 1256 2400 muta·

293 2435 346 2494 vit.
389 2432 496 2495 Saulem
511 2435 622 2495 etenim
637 2434 834 2515 episcopalem
855 2433 1021 2495 monachici
1036 2433 1150 2495 ordinis
1171 2432 1256 2495 cultu
1267 2432 1343 2479 Α*

294 2528 436 2597 instituit,
458 2547 501 2598 ac,
529 2528 674 2606 delegatis
704 2528 791 2587 terris
811 2534 844 2588 et
863 2526 931 2588 aliis
951 2547 1019 2606 qum
1039 2526 1255 2587 sustentatiom

294 2620 357 2681 illie
377 2619 571 2680 semicntium
594 2621 659 2681 Deo
679 2621 897 2700 competebant,
909 2620 1036 2680 divitem
1057 2621 1095 2681 de
1116 2638 1256 2701 paupera,

295 2712 453 2772 molimen
475 2713 513 2772 do
539 2714 655 2783 humili,
676 2714 755 2774 sicut
776 2713 808 2771 in
829 2713 969 2792 praesenti
991 2713 1128 2784 habetur,
1148 2713 1257 2775 offacit

296 2804 356 2865 Sed
379 2805 458 2882 quod
480 2806 517 2865 de
538 2804 719 2884 pauperibus
740 2804 819 2865 foras
847 2824 947 2865 muros
968 2804 1102 2866 civitatis
1123 2804 1258 2866 Cantus·

297 2898 349 2955 rire
372 2898 448 2968 iecit,
471 2898 761 2977 prsetennittendum
783 2896 857 2956 mihi
880 2897 912 2957 in
926 2895 983 2958 hoc
1003 2916 1092 2977 epora
1112 2895 1175 2959 soro
1195 2916 1258 2958 non

297 2988 433 3048 arbitror.
477 2988 573 3048 Extra
592 2988 793 3067 aquilonalem
814 2988 944 3067 deniquo
971 2997 1089 3068 portam
1118 2990 1202 3049 urbis
1221 2988 1259 3049 il·

299 3078 357 3137 lius
378 3078 527 3158 lapideam
556 3081 678 3140 domum
700 3080 854 3140 decentem
875 3087 908 3141 et
927 3080 1059 3160 amplam
1080 3082 1260 3153 munuum,

298 3179 329 3229 et
349 3172 376 3230 ei
399 3192 453 3249 pro
467 3171 593 3231 diversis
613 3172 884 3233 necessitudinibus
903 3172 1059 3234 hominum
1078 3182 1111 3235 et
1130 3194 1260 3238 commo·

299 3263 445 3320 ‹litatibus
477 3263 649 3325 habitacula
680 3265 767 3343 plum
794 3284 862 3327 cum
884 3266 1017 3345 spatiosa
1036 3274 1121 3329 curto
1140 3268 1261 3348 adjacit·

300 3353 366 3413 lloe
394 3353 539 3433 palatium
562 3357 593 3414 in
615 3357 676 3415 duo
697 3356 812 3425 divisit,
833 3356 914 3416 viros
935 3357 1078 3419 videlicet
1102 3359 1194 3419 variis
1214 3358 1263 3419 in·

300 3446 478 3506 frnnitatum
508 3448 708 3527 qualitatibus
736 3469 852 3529 pressos
879 3450 942 3521 uni,
966 3451 1045 3530 parti
1074 3464 1148 3514 vero
1172 3447 1262 3514 altori

299 3539 428 3601 feminas
449 3562 480 3602 se
494 3542 579 3602 male·
593 3541 757 3604 habentcs¹
780 3543 949 3605 instituens
986 3543 1150 3607 Onlinavit
1168 3546 1262 3609 etiam

300 3635 343 3695 eia
364 3635 401 3695 de
421 3654 477 3696 suo
498 3637 643 3696 vestitum
671 3645 704 3698 et
730 3638 845 3700 victum
867 3638 1087 3717 quotidianum,
1109 3641 1264 3705 ministm

300 3745 419 3806 quoquo
439 3734 532 3806 atque
552 3728 691 3789 custodes
712 3731 765 3809 qui
790 3730 887 3791 modis
907 3731 1047 3795 omnibm
1068 3734 1264 3798 omma

301 3839 339 3880 ne
359 3818 475 3898 aliquid
507 3819 549 3879 eis
570 3820 693 3892 deesset
715 3842 812 3903 neque
833 3824 908 3885 viris
927 3825 966 3885 ad
991 3825 1119 3890 feminas
1139 3828 1189 3890 vel
1220 3828 1264 3891 fa·

515 4038 999 4138 *tumr-aramma
