3136 4890
190 542 192 547 ’
244 539 303 620 272
459 551 606 597 ursrenrs
628 550 783 597 novoaun
797 551 839 621 ga·
861 550 986 596 nausis.

243 728 394 795 Anglorum
422 729 539 789 miserat,
561 729 613 781 uisi
638 744 699 779 cum
723 727 854 794 episcopis
879 726 1039 779 restituisset
1062 723 1205 778 destitutas

243 812 380 877 ptochias
399 811 582 877 episcoporum
606 810 752 862 secundum
776 811 915 875 antiquam
939 807 1121 869 traditionem,
1143 822 1204 873 qum

243 892 341 943 tradita
363 897 406 946 est
428 891 503 958 genti
529 892 680 958 Auglorum
705 908 722 943 s
745 891 807 943 sede
831 889 909 942 Beati
933 889 1015 942 Petri.
1056 889 1127 942 Nam
1157 904 1205 957 per

242 979 343 1041 septem
364 990 448 1026 sanos
468 975 545 1041 plene
566 973 694 1026 destituta
717 979 758 1026 est
782 972 857 1039 regie
878 971 1055 1025 Gsnlssorum
1076 971 1110 1023 ab
1130 971 1203 1023 omni

242 1056 373 1123 episeopo.
415 1056 472 1121 Quo
497 1056 598 1115 audito.
621 1056 795 1122 congregarit
819 1053 978 1107 ilduuardus
1001 1070 1048 1107 rex
1072 1052 1203 1121 synodum

186 1148 188 1151 ·
242 1144 392 1189 senatorum
413 1139 501 1204 gantis
525 1137 684 1204 Auglorum.
728 1139 761 1190 In
785 1154 838 1205 qua
862 1136 1021 1205 praesidebat
1045 1135 1204 1202 Pleigmun·

242 1219 292 1272 ‹lus
313 1220 534 1289 archiepiscopus,
555 1221 613 1288 regi
634 1222 748 1273 recitans
768 1226 797 1273 et
816 1220 956 1288 disputans
977 1217 1100 1272 districta
1123 1218 1204 1271 verba

242 1303 392 1368 apostolicas
435 1303 586 1369 legationis,
621 1319 682 1370 quus
715 1303 790 1354 misit
823 1303 917 1355 locutus
951 1319 1020 1370 papa
1053 1301 1203 1354 Fonuosus.
1281 1354 1284 1360 ,

242 1385 316 1438 'l'uuc
343 1385 394 1437 sibi
418 1401 464 1437 rex
488 1403 548 1438 cura
574 1383 638 1447 suis,
663 1392 691 1438 st
718 1386 893 1438 Pleirnundus
916 1383 1139 1453 archiepiscopus,
1161 1400 1202 1436 sa·

243 1468 317 1520 lubre
340 1468 482 1521 consilium
511 1468 680 1530 invenerunt,
708 1474 872 1521 assumentes
900 1467 1067 1520 Dominicem
1096 1472 1203 1520 senten·

243 1552 317 1612 tiam,
343 1552 466 1604 “Messis
486 1552 593 1619 quidem
613 1553 715 1613 multa3
743 1553 855 1618 usurarii
877 1549 1097 1619 autom·pauci.¹¹
1140 1549 1202 1602 Sin·

243 1634 313 1697 gulis
348 1634 432 1699 igitur
466 1633 588 1685 tribubus
623 1635 813 1687 Geuuinsonrm
849 1633 970 1700 singulos
1004 1633 1204 1686 constituerunt

242 1715 386 1783 episcopos,
421 1722 450 1768 et
483 1717 597 1781 siugulis
631 1716 766 1784 episcopia
799 1716 1003 1768 constituerunt.
1062 1716 1098 1767 Et
1132 1714 1202 1782 canoel

242 1797 343 1850 (ludum
373 1799 426 1849 duo
458 1799 617 1857 habuerunt.
648 1799 675 1849 in
705 1797 822 1865 quinque
853 1798 1010 1850 diviserunt.
1059 1796 1130 1849 acto
1155 1797 1203 1848 illo

242 1881 364 1940 concilio,
386 1896 446 1931 curn
468 1881 619 1931 honorificis
640 1881 794 1931 muneribus
824 1879 997 1931 Pleimundus
1026 1878 1203 1944 archiepisco·

166 1995 169 2000 -
242 1977 291 2027 pus
316 1962 427 2012 Romanu
456 1963 545 2021 rediit.
575 1963 751 2028 apostolicum
781 1962 938 2013 Famosum
963 1977 1025 2013 curn
1047 1958 1202 2012 humilitate

241 2043 365 2109 placarit,
389 2049 418 2095 et
441 2045 512 2110 regis
536 2044 641 2095 decreta
669 2050 698 2095 et
726 2045 860 2096 senionem
890 2042 1008 2109 regionis
1036 2042 1201 2104 enunciavit,

241 2125 310 2190 quod
338 2125 484 2191 apostolico
512 2124 628 2177 maxime
657 2125 765 2192 placuit.
818 2125 934 2177 llcdicns
962 2125 997 2176 ad
1026 2124 1150 2191 patriam.
1172 2124 1200 2177 in

241 2207 304 2256 urbe
333 2207 494 2257 Doroberuiu
518 2212 618 2272 septem
647 2208 784 2274 episcopos
813 2212 914 2274 septem
942 2206 1061 2258 ecelesiis
1090 2206 1118 2257 iu
1146 2223 1202 2257 uno

239 2286 283 2338 die
307 2287 451 2348 ordinarit,
476 2288 677 2339 Psithcstanum
706 2288 833 2340 videlicet
854 2288 888 2339 ad
912 2288 1050 2340 eeclesiam
1072 2288 1200 2341 UUeato·

238 2368 367 2429 niensem,
381 2368 578 2421 AEtbelstaaum
600 2370 634 2420 erl
655 2370 792 2422 ecclesiam
814 2370 1013 2431 Gorauienscm,
1028 2370 1198 2422 Werstnnum

238 2448 272 2499 ad
307 2450 444 2501 eeclesiam
481 2450 724 2513 Scireburhensem‚
760 2450 952 2503 AEthelolmum
987 2452 1022 2502 ad
1059 2450 1198 2504 ecclesiam

240 2530 452 2590 Fontoniousem.
490 2533 632 2584 Eudullum
666 2534 700 2585 nd
735 2532 873 2585 ecclesiam
911 2532 1085 2586 cridiensem.
1147 2534 1197 2586 coi

238 2613 320 2665 etism
340 2614 500 2665 addiderunt
521 2621 575 2665 tres
605 2615 684 2666 rillns
715 2613 742 2665 in
773 2614 916 2677 cornubia,
946 2632 1058 2683 quarum
1089 2615 1199 2668 nomina

238 2701 301 2746 sunt
322 2697 389 2755 hauc,
431 2696 538 2755 Pallen,
561 2696 675 2762 Celling.
699 2695 908 2760 Lunduuitham,
929 2703 962 2749 ut
989 2698 1052 2750 inde
1083 2697 1198 2763 siugulis

237 2778 315 2828 aunis
335 2778 457 2829 visitaret
480 2783 588 2842 gentem
613 2779 820 2831 cornubiensem
853 2780 887 2831 ad
911 2780 1082 2846 extirpandos
1105 2796 1196 2831 eorum

237 2875 345 2911 errores
388 2860 457 2911 Num
478 2864 557 2910 autea
579 2861 606 2911 iu
631 2865 761 2926 quonlam
786 2866 931 2927 potueruut
959 2860 1067 2913 veritati
1090 2860 1331 2919 resiste-llantsn

238 2940 310 3000 bant,
332 2947 360 2992 et
388 2956 441 2991 non
471 2941 584 2991 decretis
613 2942 764 3007 apostolicis
789 2942 964 2993 elnudiebnnt.
1008 2941 1061 2993 Sed
1087 2948 1117 2994 et
1136 2942 1198 2993 aliis

238 3020 381 3087 provinciis
401 3021 541 3072 constituit
570 3023 743 3073 I'lcimunrlns
767 3024 981 3090 archiepiscopus
1008 3023 1075 3074 duos
1096 3020 1198 3090 episeo-

237 3119 293 3168 pos,
316 3101 486 3154 Australibus
511 3105 659 3155 Senonibus
683 3106 771 3155 uirum
797 3106 922 3156 idoneum
948 3104 1100 3156 Bemodum
1125 3104 1197 3156 ordi·

237 3184 321 3243 navit,
345 3191 373 3235 et
399 3185 578 3235 Marcionibus
607 3186 750 3237 Ceuulsum
779 3184 814 3238 ad
842 3187 980 3237 civitatem
1009 3202 1070 3253 qus>
1098 3186 1199 3253 dieitur

241 3265 438 3317 Dorlreeeastre.
480 3265 538 3316 Iloc
560 3273 650 3318 autem
676 3272 763 3319 totum
784 3270 1017 3336 1upaFormosus
1038 3269 1066 3319 in
1096 3269 1198 3336 synodo

239 3346 329 3399 Sancti
351 3348 423 3399 Petri
444 3347 483 3398 sio
503 3349 643 3410 conclusit,
665 3355 697 3400 ut
716 3351 889 3402 damnaretur
909 3348 938 3401 in
961 3356 1130 3418 mrpetuum,
1151 3348 1197 3416 qui

238 3428 288 3478 hoe
314 3429 419 3480 salubre
449 3436 566 3479 montet
595 3431 756 3482 consilinm·
802 3432 878 3484 Misit
911 3431 993 3485 etiarn
1029 3430 1196 3485 Britanniam

240 3507 351 3570 litteras,
372 3524 484 3575 qucum
505 3511 640 3578 exemplar
660 3513 710 3562 hoe
730 3506 795 3578 esti

418 3788 431 3815 '
446 3785 477 3834 Ut
487 3802 536 3833 cun
547 3789 581 3847 (p.
594 3790 651 3845 sto)
669 3821 674 3835 .
693 3821 698 3835 .
714 3821 721 3836 .
737 3786 778 3834 lec
788 3787 848 3851 salt]
864 3788 913 3836 Net
923 3788 947 3836 ia
959 3790 989 3837 Α.
