3136 4890
306 581 362 638 212
520 591 669 638 nrsronra
690 593 847 641 uovonvu
870 596 904 642 ru
925 594 1051 643 sucula

143 771 280 826 amirei
346 768 416 847 ipso
445 786 525 826 anno
553 767 696 844 apparuit
724 767 814 827 stella
842 787 933 846 quam
967 775 1115 830 cometam
1144 770 1268 850 plurimi

121 853 521 939 :sm2¹3„nominabant¹
578 858 650 917 Visa
684 864 732 919 est
764 865 868 919 arrtem
903 860 936 920 in
971 881 1072 922 menso
1107 861 1267 923 Decembri

123 949 196 987 ¹¹⁰²
303 952 382 1014 circa
402 952 532 1014 lacteum
554 949 708 1022 circulum,
728 953 841 1013 crinem
864 953 896 1013 in
917 954 1080 1016 australem
1102 953 1171 1016 coeli
1193 955 1266 1014 diri·

301 1068 374 1127 gens
395 1046 523 1127 plagam.

124 1161 279 1206 measse
343 1142 379 1201 ln
411 1139 605 1248 subsequenti
638 1140 813 1202 Nativitato
843 1140 966 1202 Domini
996 1141 1111 1203 Christi
1140 1162 1267 1223 regnum
1383 1164 1386 1174 ¹

125 1211 260 1296 α’ῗιῖῗη
301 1236 421 1316 Anglire
441 1235 480 1295 ad
501 1234 615 1295 curiam
645 1254 695 1314 reg
687 1234 723 1293 is
749 1235 916 1296 Lundoniro
938 1254 992 1314 pro
1013 1256 1094 1296 more
1115 1235 1267 1306 convenit,

259 1334 332 1389 et
352 1349 461 1409 magna
489 1327 654 1389 solennitas
682 1327 789 1388 habita
816 1335 863 1388 cst
893 1336 985 1408 atque
1006 1328 1151 1390 sublimis.
1195 1329 1267 1409 ipa

300 1420 349 1482 die
370 1421 610 1502 archiepiscopus
640 1421 835 1483 Eboracensis
865 1443 896 1482 se
924 1422 989 1483 loco
1017 1422 1157 1502 primatis
1186 1423 1266 1483 Con·

301 1516 461 1577 tuariensis
482 1536 580 1597 regern
602 1521 823 1586 coronaturum,
845 1521 877 1576 et
897 1515 1019 1576 missum
1044 1535 1168 1594 sperans
1188 1517 1265 1578 colo·

301 1609 467 1681 litaturum,
481 1609 519 1669 ad
541 1609 571 1668 id
593 1609 716 1669 omnino
736 1614 877 1687 paratum
899 1616 994 1669 semet
1014 1609 1162 1671 exhibuit
1206 1610 1263 1671 Cui

130 1715 281 1810 ”UWJ
299 1703 455 1782 episcopus
472 1701 691 1761 Lundonionsis
711 1720 772 1760 non
793 1701 988 1780 adquiescens
1010 1721 1149 1762 coronam
1170 1703 1263 1782 capiti

127 1761 280 1896 :th-”mm
301 1795 378 1874 rogis
407 1794 558 1873 imposuit,
579 1813 707 1871 eumque
737 1813 791 1872 per
814 1793 954 1853 dextram
980 1793 1104 1854 induxit
1124 1794 1263 1861 ecclesiae.

300 1895 331 1949 et
361 1888 490 1967 cilicium
523 1887 582 1946 diei
614 1886 836 1965 percelebravit.
888 1887 932 1946 lt
961 1906 1028 1947 curn
1058 1887 1097 1947 ad
1128 1908 1262 1948 mensum

299 2002 351 2060 reg
352 1982 376 2041 is
406 1980 529 2042 ventum
561 1986 639 2038 essct
669 1985 701 2039 et
729 1979 767 2038 do
789 1979 852 2038 loco
873 1978 1013 2038 sessionis
1034 1979 1115 2040 inter
1141 1981 1259 2041 cosdem

297 2075 449 2153 episcopos
469 2071 615 2131 dissentio
636 2076 719 2129 mota
739 2070 854 2141 suisset,
875 2070 974 2131 noluit
1001 2091 1051 2132 eos
1073 2093 1127 2133 ros
1148 2074 1263 2147 audire,
1275 2069 1347 2122 ΜΡ·
1356 2077 1395 2119 ²⁵&

296 2166 347 2224 sed
369 2170 529 2241 utrumque
550 2181 569 2221 a
590 2163 718 2241 prandio
746 2182 802 2223 suo
831 2171 980 2224 remotum
1009 2183 1173 2244 pransuros
1194 2167 1262 2228 lios

296 2258 372 2337 pitia
402 2276 457 2316 sua
479 2256 633 2335 pnecepit
653 2255 746 2316 adire
789 2256 830 2317 Et
850 2257 973 2337 quidem
996 2259 1077 2337 quod
1106 2260 1264 2341 episcopus

296 2349 515 2412 Lundonicnsis
536 2349 581 2409 ita
602 2348 683 2418 iecit,
705 2348 823 2410 utalia
843 2355 969 2424 taceam,
990 2371 1026 2411 ea
1051 2352 1168 2415 ratione
1190 2373 1264 2415 usus

295 2451 341 2504 cst
361 2443 441 2523 quod
462 2447 494 2503 et
507 2442 639 2502 decanus
659 2449 706 2502 est
726 2442 860 2503 ecclesiia
875 2443 1113 2517 Cantnarionsis,
1128 2455 1160 2508 et
1180 2448 1264 2518 item,

291 2536 383 2615 juxta
410 2536 635 2597 institutionem
663 2535 744 2596 boati
774 2537 912 2617 Gregorii
934 2529 1104 2620 Anglorum
1125 2541 1264 2622 apostoli,

296 2635 369 2691 tunc
400 2630 481 2709 prior
511 2628 647 2711 alterius·
666 2629 774 2689 extitit
798 2631 871 2709 quia
891 2631 974 2712 prius
996 2653 1032 2693 eo
1053 2633 1156 2696 lucrat
1183 2636 1264 2696 ordi·

296 2730 391 2783 nutus.
434 2722 530 2800 Cujus
557 2723 700 2782 nimirum
730 2723 883 2802 prioratus
911 2726 1011 2805 gratia
1035 2748 1067 2787 so
1088 2727 1146 2788 sub
1175 2735 1263 2789 tanta

295 2816 495 2885 testinatione,
517 2820 553 2875 ut
581 2835 673 2895 snpra
703 2816 848 2887 diximus,
870 2817 941 2878 licet
972 2817 1057 2879 aliud
1088 2821 1121 2879 in
1149 2820 1262 2900 populo

295 2910 514 2989 praedicaretur,
537 2910 568 2968 in
590 2909 800 2988 pontilicatnrn
831 2910 964 2970 ordinari
989 2929 1102 2991 gnarus
1123 2914 1261 2993 expetiit,

295 3002 545 3080 quemadmodum
576 3002 662 3061 nobis
691 3003 794 3062 testati
822 3011 895 3062 sunt
916 3005 967 3082 qui
990 3005 1084 3063 animi
1107 3006 1172 3084 ejus
1192 3007 1284 3066 abs·'

296 3114 353 3173 que
374 3095 467 3155 dubio
487 3101 601 3156 secreto
621 3102 775 3155 noverunt
802 3103 833 3155 et
861 3096 989 3174 ipsemet
1009 3116 1028 3158 a
1048 3117 1096 3159 mo
1118 3119 1261 3179 pereunc-

297 3193 379 3246 tutus
414 3186 553 3247 familiari
589 3188 684 3247 allatu
720 3182 913 3248 asseveravit.
967 3190 1027 3250 Sed
1059 3191 1097 3252 do
1128 3193 1259 3253 sessione

296 3280 414 3359 prandii
444 3280 551 3360 regalis
583 3287 657 3342 tunc
687 3281 767 3342 inter
795 3281 951 3362 episcopos
971 3303 1018 3344 res
1039 3283 1084 3345 ita
1105 3285 1259 3359 remansit,
1327 3281 1330 3286 ’

296 3373 525 3433 determinanda
541 3374 658 3452 judicio
679 3374 775 3435 futuri
798 3376 950 3455 pontilicis
972 3378 1213 3441 Cantuoriorum.

138 3468 276 3556 mm
338 3465 396 3526 Per
417 3466 447 3525 id
470 3468 611 3545 temporis
632 3474 700 3527 acta
728 3474 776 3527 cst
806 3487 897 3528 causa
922 3471 1165 3549 presbytororum
1194 3475 1259 3533 An·

138 3557 279 3602 ΝΜ
296 3555 386 3640 glire,
406 3564 439 3619 et
469 3557 635 3619 districtius
667 3578 758 3637 quam
789 3564 923 3639 temporo
955 3563 1052 3641 patris
1075 3564 1212 3625 Anselmi
1239 3586 1274 3627 a

137 3652 233 3693 Μ
296 3651 446 3726 consortio
469 3650 627 3711 mulierum
655 3651 776 3712 coerciti
797 3659 878 3714 sunt
921 3654 1143 3735 Quamplurimi
1172 3677 1257 3719 nam·

177 3752 182 3759 ’
295 3764 353 3825 que
369 3742 494 3820 ,illenim
523 3763 561 3804 er
582 3742 697 3804 obitu'
689 3743 807 3824 ipsius⁸
826 3745 923 3824 patris
944 3767 1004 3808 non
1026 3749 1177 3812 modicum
1205 3771 1258 3812 ex·

222 3976 227 3983 ,
325 4028 331 4060 ¹
343 4026 498 4090 contutant]
507 4030 555 4113 ,Oa
565 4041 658 4076 muare
668 4028 691 4076 ln
703 4029 750 4085 A..
796 3991 953 4128 pliiAAwuae]
973 3996 1087 4062 Chwsetl
1097 3998 1156 4049 stom
1167 4000 1193 4048 is
1205 4002 1254 4048 As.

224 4127 225 4131 ,
294 4100 393 4162 wilm
404 4101 440 4149 ior
451 4108 576 4147 nominant.
827 4099 933 4203 duim]
948 4141 996 4190 M
1006 4142 1030 4191 h
1042 4144 1073 4193 L
