3150 4994
266 567 326 625 224
379 587 392 612 ι·
457 549 627 626 'nisroms
648 579 803 625 rovosuu
826 579 860 624 rs
883 578 1008 626 ironia

125 774 237 824 mum
264 752 430 820 videbatur,
451 758 482 810 et
511 769 614 809 sensus
646 749 864 828 plurimorum¹
893 768 988 810 necno
1020 749 1163 810 voluntas
1184 750 1224 811 ab

262 865 298 908 eo
319 863 378 925 quo
399 844 519 904 suerent
539 863 629 922 super
661 842 760 922 ipsum
781 842 939 903 demutata
970 848 1051 917 sunt,
1080 862 1116 904 ae
1136 843 1224 906 samm

260 939 343 998 illius
363 957 430 1018 quse
451 933 579 996 antehae
600 936 638 995 ab
661 935 801 997 omnibus
825 935 1047 1015 prmdieabatur
1069 956 1088 997 a
1117 937 1223 998 multis

261 1032 343 1111 vulgi
366 1051 447 1092 moro
476 1030 665 1091 sinistrorum
688 1029 913 1092 detrahebatur.
967 1031 1052 1091 Inter
1075 1032 1140 1094 hmo
1169 1053 1223 1094 rex

261 1127 409 1188 Henrieus
431 1125 651 1187 Normanniam
683 1124 726 1185 iro
757 1125 893 1203 parabat,
930 1125 1062 1187 Francos
1093 1146 1223 1206 suosque
1324 1125 1326 1128 ’

260 1220 375 1280 vicinos
395 1218 453 1279 sibi
475 1217 649 1278 inimicitias
684 1223 861 1278 extruentes
895 1219 961 1298 paci
991 1220 1131 1299 subigere
1161 1239 1224 1300 qua

62 1342 70 1350 ·
108 1326 222 1374 murm
216 1313 406 1415 tl,rprrelitus
427 1317 492 1374 erat
513 1311 664 1372 industria
685 1310 796 1372 volens.
840 1312 909 1386 Sed,
931 1313 1073 1393 nequid
1065 1333 1098 1373 m
1113 1313 1227 1394 Anglia
1314 1337 1317 1344 ·

216 1377 294 1469 tl’se
316 1408 445 1467 obeunte
479 1405 621 1466 resideret
652 1405 873 1484 indispositum,
905 1408 1087 1468 monasteria
1116 1413 1228 1469 cuneta

106 1511 253 1648 m
264 1521 331 1580 qma,
348 1500 412 1578 jam
434 1499 487 1559 diu
508 1497 642 1653 pura
607 1493 750 1578 pastorali
773 1498 911 1663 lueraqtl
924 1500 1080 1652 deqtituta
1101 1501 1227 1562 oonsilio

264 1596 362 1655 eiseo
401 1612 506 1653 rume
570 1611 644 1652 rinei
668 1611 719 1651 um
749 1611 869 1652 suorum
913 1613 966 1653 oea
983 1614 1007 1652 rs
1077 1594 1173 1654 rsonis
1194 1594 1226 1653 in

264 1616 319 1748 hbe
350 1614 489 1757 eldeum,
514 1611 675 1745 ordinarii.
729 1686 816 1760 Quod
846 1686 872 1746 si
904 1685 999 1766 aliqui
1029 1614 1130 1746 eborum
1161 1687 1225 1766 lupi

264 1782 358 1861 inagis
378 1800 467 1859 quam
491 1784 624 1859 pastores
638 1777 736 1838 effoeti
759 1783 839 1847 sunt,
855 1779 912 1858 ipsi
934 1779 1086 1852 viderint;
1108 1799 1160 1841 rex
1175 1775 1238 1841 ees¹

263 1880 298 1933 ut
319 1880 452 1951 pastores
484 1890 544 1931 non
577 1869 640 1949 lupi
662 1876 770 1938 essent,
791 1870 870 1930 sieut
891 1870 972 1931 erodi
996 1871 1040 1930 los
1061 1879 1115 1942 ost,
1136 1873 1226 1933 eollo·

262 1970 351 2030 eavit
392 1966 480 2040 Quod
503 1971 603 2025 tumen
636 1965 714 2026 forto
735 1952 909 2026 credibilius
932 1966 1095 2037 rideretur,
1116 1968 1142 2028 si
1164 1987 1224 2030 non

262 2082 364 2122 omnes
384 2081 422 2121 ex
442 2059 627 2137 alienigenis,
648 2059 701 2118 sed
732 2058 849 2137 aliquos
872 2059 979 2119 saltem
1000 2081 1038 2120 ex
1071 2062 1223 2141 indigenis

263 2160 356 2221 terne,
388 2173 448 2212 non
480 2170 695 2230 usquequaque
727 2152 841 2230 Anglos
872 2171 1003 2230 perosus,
1033 2153 1087 2212 tali
1118 2155 1223 2214 ruinis·

262 2249 336 2307 torio
356 2245 570 2305 substituisset.
615 2242 693 2304 Vitas
714 2244 827 2305 etenim
856 2246 1006 2315 meritum,
1021 2264 1056 2307 ae
1077 2246 1224 2324 regularis

260 2340 429 2403 observatio
449 2337 625 2418 disciplinae,
647 2357 741 2398 neena
761 2338 924 2418 pmdontia
954 2358 1054 2399 rerum
1075 2339 1218 2402 adminis-

259 2433 434 2494 trandarum
466 2451 534 2512 quae
563 2429 722 2509 oportebat
754 2431 798 2490 eis
827 2431 879 2509 qui
909 2431 1131 2511 respuebantur
1159 2453 1220 2495 non

259 2527 358 2586 minus
379 2545 470 2604 quam
491 2524 528 2584 iis
550 2524 648 2583 inerat
669 2523 722 2602 qui
742 2524 981 2584 assumebantur.
1037 2524 1141 2584 Unum
1163 2544 1221 2598 eos,

259 2619 343 2679 natio
363 2618 485 2686 seilicet,
507 2615 675 2675 dirimebat
717 2615 751 2675 Si
773 2616 892 2695 Anglus
920 2625 993 2687 erat,
1013 2617 1100 2678 nulla
1121 2616 1220 2678 virtus

260 2720 295 2772 ut
315 2712 426 2771 honore
448 2710 549 2788 aliquo
570 2709 681 2788 dignus
708 2709 898 2786 judicaretur
927 2731 996 2769 eum
1018 2717 1137 2789 poterat
1168 2711 1223 2771 ad·

256 2806 372 2884 juvare.
421 2804 453 2863 Si
486 2802 663 2881 alienigena,
685 2802 872 2863 solummodo
901 2823 968 2881 quie
999 2802 1129 2880 alicujus
1150 2793 1221 2864 boni
1238 2815 1360 2868 Ιιμιι

258 2901 385 2977 speeiem
413 2897 577 2956 amisorum
609 2895 782 2954 testimonio
812 2896 1037 2973 prinninderent
1056 2895 1102 2954 illi
1132 2897 1219 2957 aseri·

259 2991 408 3059 berentnr,
429 2989 534 3048 honori
571 2988 722 3066 pnoeipuo
754 2987 865 3066 dignus
895 2985 998 3048 illico³
1015 2987 1236 3064 judioabatur.'

260 3082 370 3141 Verum
393 3083 424 3141 in
447 3082 513 3140 istis
534 3099 622 3138 nemo
643 3079 777 3156 cujusvis
793 3080 952 3158 injustitiis
967 3080 1066 3140 Deum
1088 3089 1217 3152 accuset,

259 3194 326 3235 eum
348 3176 413 3252 ejus
434 3172 625 3250 dispositioni
639 3178 749 3232 cuneta
769 3173 954 3250 subjaceant,
967 3192 1035 3232 eum
1050 3172 1094 3231 nil
1109 3171 1221 3250 injuste

259 3285 385 3344 nsquam
406 3265 555 3343 disponat,
578 3282 645 3324 eum
679 3263 711 3329 in
732 3270 813 3324 terra
844 3263 922 3322 nihil
944 3263 1000 3323 fiat
1028 3265 1092 3324 sine
1121 3283 1220 3326 eausa

258 3357 334 3430 Qum
355 3357 427 3415 dum
448 3357 492 3414 ita
513 3356 584 3423 sint,
604 3355 707 3413 nullus
738 3353 796 3414 sibi
818 3356 856 3415 do
888 3356 925 3414 iis
955 3374 1023 3434 quae
1045 3356 1128 3417 Deus
1156 3377 1218 3418 non

257 3448 406 3528 approbat
435 3448 570 3527 plaudat,
599 3447 742 3524 quoniam
774 3448 855 3508 unde
885 3449 937 3508 isti
971 3467 1120 3521 eoronam,
1147 3450 1219 3512 indo

258 3541 301 3601 illi
323 3541 410 3600 novit
431 3560 517 3618 mquo
534 3539 650 3617 judicio
671 3559 792 3619 poenam
815 3561 990 3621 prerogare
1033 3541 1094 3603 Sed
1109 3541 1147 3603 do
1168 3542 1218 3606 his
1240 3584 1242 3588 ι

202 3656 209 3663 ·
257 3633 314 3694 hae
334 3633 456 3692 interim
479 3632 544 3691 vioe
565 3630 658 3690 satis‘
698 3632 772 3692 Dies
792 3634 874 3694 onim
896 3632 969 3694 mali
990 3641 1071 3694 sunt

286 3926 695 4012 mammone-mus
787 3928 891 3992 ιαμ..
901 3928 1203 3996 nemorosam.

256 3997 711 4130 ...ammiti-313⁸&
789 4043 1061 4134 mommsen(

254 4147 395 4204 md.
