3136 4890
323 522 362 580 ³0
401 567 405 575 ,
535 532 683 580 msronrs
704 535 862 581 sovouun
884 536 918 580 rs
940 535 1067 582 susara

138 693 144 704 ’
175 700 294 748 “²¹¹⁸
320 705 444 769 selmum
465 728 556 790 super
575 729 607 770 re
629 710 693 788 ipsa
707 705 1071 788 consuluerunt,etque¹
1091 707 1155 790 ipse
1169 708 1308 778 oratio.

319 801 367 861 nis
386 802 510 882 agendae
531 803 653 862 modum
674 807 706 862 ct
727 822 875 861 summam
897 802 1052 863 ordinaret
1067 802 1121 863 vix
1142 802 1279 864 obtinere

319 896 380 955 suis
401 895 537 976 precibus
566 895 605 956 ab
636 916 671 957 eo
703 900 874 975 potuerunt.
917 895 1072 976 Episcopis
1093 895 1173 956 euim
1202 915 1277 976 prae·

318 987 387 1047 serri
408 988 440 1047 in
462 987 516 1048 tali
538 987 674 1049 statute²
695 990 759 1067 ipse
780 989 874 1048 abbas
889 987 1033 1067 fugiebat
1075 988 1205 1050 Coactus
1220 989 1277 1050 ita·

316 1101 382 1161 que,
398 1082 491 1160 juxta
512 1081 592 1162 quod
615 1082 710 1161 magis
731 1081 862 1143 ecclesiae
883 1081 940 1143 Dei
962 1081 1104 1162 expedire
1118 1082 1277 1156 sciebatur,

315 1176 436 1236 modum
467 1176 573 1236 orandi
604 1177 721 1237 cunctis
750 1175 944 1236 audientibus
965 1175 1071 1248 edidit,
1091 1180 1131 1249 et,
1152 1176 1276 1237 laudato

313 1288 401 1329 semu
422 1288 458 1331 ac
478 1270 661 1350 perspicacia
688 1270 782 1330 animi
808 1269 881 1348 ejus,
903 1275 970 1332 tota
997 1289 1065 1350 quaa
1091 1277 1276 1334 convenerat

313 1363 454 1426 nobilitas
475 1364 568 1446 regni,
582 1364 681 1425 soluta
702 1364 794 1454 curia,
812 1365 843 1424 ia
864 1384 920 1427 sua
934 1364 1077 1428 discessit
1120 1364 1274 1429 Institutas

314 1457 407 1539 igitur
427 1478 527 1538 preces
548 1459 627 1518 fiunt
648 1478 701 1538 per
721 1458 890 1538 Anglorum
912 1458 1050 1521 eeclesias
1071 1478 1181 1520 omues.

157 1584 290 1629 ‚mm
356 1551 430 1613 Haec
450 1552 530 1612 iuter
550 1551 661 1626 evenit,
684 1557 720 1613 ut
741 1552 790 1612 die
811 1547 942 1631 quandam
963 1572 1043 1613 unus
1070 1553 1108 1613 dc
1130 1553 1273 1635 principi·

313 1646 369 1708 bns
401 1653 488 1710 ternu
520 1666 588 1711 eum
620 1668 688 1729 rege
712 1647 905 1709 familiariter
925 1668 1025 1728 agens,
1046 1648 1273 1729 promeantibus

275 1820 280 1830 ⁴
313 1742 412 1803 verbis
434 1743 465 1803 in
486 1742 551 1816 hoc,
571 1750 608 1802 ut
629 1744 672 1816 lit,
693 1742 736 1804 sic
764 1742 791 1803 ei
818 1744 977 1804 lateralia
998 1743 1118 1814 diceret,
1140 1751 1155 1775 ‘⁴
1165 1742 1272 1805 Homi-

312 1845 328 1871 “
348 1858 417 1899 nem
438 1843 534 1900 matre
555 1838 725 1899 sanctitatis
753 1837 871 1899 nullum
899 1838 1047 1911 novimus,
1068 1844 1190 1918 quantae
1217 1844 1273 1914 est,

312 1939 329 1964 “
348 1929 409 1992 ut⁸
444 1952 514 1993 vere
549 1931 718 2013 probamus,
755 1932 910 1993 Beecensis
947 1931 1067 1993 abbas⁴
1101 1931 1270 1997 Anselmus.

312 2034 327 2058 ⁰¹
348 2025 402 2085 Nil
433 2026 545 2087 etenim
576 2031 659 2086 amat
688 2032 798 2105 precer
829 2024 950 2099 Dcmn;
971 2024 1024 2099 nil,
1056 2028 1093 2085 ut
1127 2025 1159 2085 in
1188 2027 1269 2086 omni

256 2181 259 2191 ,
310 2126 327 2151 “
347 2120 448 2181 studio
469 2120 534 2197 ejus
554 2118 1001 2197 claret,cupittransiterium.”
1043 2117 1194 2197 acquod
1216 2139 1270 2180 rex

310 2212 503 2284 salsannans,
526 2210 646 2284 “Non'’
660 2212 767 2291 inquit,
789 2220 805 2244 “
816 2231 871 2274 nce
885 2212 1175 2292 arebiepiseopatmn
1191 2211 1271 2273 Can·

310 2308 326 2337 '¹
346 2303 553 2366 tuariensem.”
596 2303 653 2365 Oui
689 2325 757 2366 cum
792 2305 869 2366 alter·
900 2305 1032 2377 referret,
1064 2304 1155 2366 “Nea
1183 2305 1393 2375 illumnaaa

308 2399 466 2478 “quidem
488 2418 579 2478 quam
600 2399 740 2471 maxime,
761 2399 841 2460 sicut
868 2419 935 2460 mea
957 2398 1182 2478 multorumque
1211 2398 1270 2462 sert

308 2498 324 2523 '‘
344 2493 471 2572 opini0,”
499 2491 668 2552 obtestatus
696 2498 744 2552 est
771 2512 823 2552 rex
846 2493 927 2570 quod
948 2493 1089 2552 manibus
1120 2512 1156 2554 aa
1186 2493 1270 2571 pedi·

307 2586 363 2646 bns
394 2586 540 2667 plaudens
570 2586 602 2644 in
634 2585 808 2665 amplexam
838 2585 904 2663 ejus
924 2592 1100 2658 accurreret,
1120 2587 1145 2645 si
1175 2586 1268 2648 ullam

307 2681 448 2742 lislaciarn
478 2679 604 2740 haberet
635 2701 666 2738 se
696 2680 734 2739 ad
757 2698 824 2738 eum
846 2697 932 2758 posse
953 2679 1107 2739 ullatenus
1128 2681 1268 2759 aspirare.

308 2773 347 2834 Et
367 2773 486 2853 adjecit,
515 2782 531 2806 ‘⁸
544 2773 614 2844 Sed,
635 2791 689 2852 per
710 2772 855 2833 Sanctum
879 2771 1005 2831 Vultum
1032 2773 1069 2833 de
1092 2772 1197 2843 Luea‚''
1226 2773 1269 2835 sie

306 2868 387 2929 enim
414 2869 518 2948 jurare
551 2873 759 2937 consueverat,
787 2872 867 2927 “nec
887 2865 951 2946 ipse
972 2865 1030 2929 lroc
1052 2872 1193 2948 tempore,
1214 2887 1269 2930 nec

148 2983 288 3025 uanus
307 2967 324 2993 “
344 2962 422 3022 alius
454 2961 522 3040 quis
551 2960 792 3041 archiepiscopus
827 2960 891 3031 erit,
922 2979 969 3020 rue
1000 2960 1150 3040 excepte.”
1193 2960 1269 3024 Haeo

147 3031 260 3116 iffi}
308 3053 393 3113 illurn
423 3054 573 3115 dicentem
603 3054 774 3133 evestigio
796 3052 898 3114 valida
930 3053 1091 3114 intinnitas
1123 3055 1269 3134 corripuit

148 3121 257 3171 Μ’*
307 3153 339 3208 et
359 3147 435 3209 lecto
456 3147 604 3228 deposffit,
625 3153 717 3228 atqua
739 3146 771 3207 in
792 3146 857 3208 dies
877 3147 1036 3209 crescendo
1058 3147 1150 3208 ferme
1173 3167 1268 3228 usque

306 3241 345 3302 ad
366 3241 612 3313 exhalationem⁸
632 3241 757 3322 spiritus
783 3243 853 3321 egit
899 3242 980 3316 Quid
1002 3241 1113 3321 plural
1155 3241 1268 3303 Omnes

308 3328 404 3395 totius
426 3334 510 3413 regni
531 3334 681 3415 principes
702 3343 820 3406 coeunt,
841 3335 980 3414 episcopi,
1000 3334 1134 3406 abbates,
1148 3338 1180 3395 ct
1200 3335 1267 3414 qui·

307 3449 365 3508 que
395 3428 518 3499 nobiles,
550 3427 626 3488 nilril
658 3421 767 3509 praeter
796 3434 923 3489 mortem
955 3429 1019 3509 ejus
1049 3428 1265 3509 prestolantes

307 3524 488 3603 Suggeritur
519 3541 598 3602 aegro
629 3522 665 3582 de
697 3522 794 3582 salute
825 3524 934 3583 animae
959 3544 1021 3583 suas
1042 3523 1181 3603 cogitare,
1202 3542 1267 3585 car·

305 3634 385 3677 ceres
416 3614 541 3696 aperire,
573 3614 711 3693 captivos
746 3613 908 3686 dimittere,
939 3615 1109 3678 vinmalatos
1142 3615 1265 3687 solvere,

307 3758 331 3766 μ.
343 3760 447 3767 —...—..
456 3759 541 3766 -—-..⁴
553 3759 633 3766 ..ῳ-
648 3757 724 3765 -.-ff
739 3756 915 3765 -00--0-ffi..

335 3841 484 3889 'Auser-s·
506 3872 512 3886 .
537 3872 542 3885 .
566 3836 644 3900 Ιφιο]
657 3838 695 3886 Ou
713 3851 763 3885 en·
838 3837 989 3896 ’mutarat
1006 3840 1042 3902 art]
1064 3841 1178 3890 Crovalcd
1194 3839 1218 3888 ia
1234 3856 1265 3890 on

306 3928 358 3997 ml
369 3914 450 3967 Μ’
460 3912 496 3958 '⁰‘
511 3909 636 3958 “mn
655 3909 682 3957 οἷ
696 3924 764 3969 “⁹⁸
807 3911 1070 4046 ‘'iffi-Lam]
1084 3985 1156 4033 assu
1164 3986 1252 4034 ssoen

291 3999 437 4104 “prm
452 4056 552 4118 statuta]
572 4057 610 4104 Oa
628 4067 721 4103 erasm
736 4053 760 4101 la
805 4053 884 4108 aisn.
1254 4013 1264 4024 Ι

305 4133 334 4178 Α.
835 4126 844 4156 ¹
855 4125 1033 4190 ethicam]
1047 4129 1210 4184 nahtam,
1220 4129 1252 4178 A.
