3136 4890
245 478 304 546 1⁷2
453 488 603 538 arnonus
623 487 779 536 uovonuu
801 486 836 534 ra
858 482 984 533 susara

106 679 219 727 meua
243 667 407 729 veuioMnt
427 665 628 735 metabantur,
647 662 781 725 dosaevit
824 661 963 742 Denique
983 660 1111 734 videres,
1125 660 1205 723 sicut

242 761 372 831 aiebant,
392 780 442 822 eos
472 759 525 840 qui
555 756 700 838 quidem¹
720 776 781 818 non
813 754 967 818 habebant
995 756 1071 837 quid
1094 755 1204 818 darent
1292 782 1294 785 ·

241 859 296 914 aut
314 872 335 914 a
354 852 417 913 suis
445 848 635 913 domunculis
663 849 743 931 pelli,
763 853 826 922 aut,
846 847 961 910 avulsis
981 847 1203 930 asportatisque
1248 890 1250 893 -

241 946 327 1008 ostiis
347 946 512 1018 domorum,
532 945 655 1026 penitus
675 943 862 1025 diripiendos
882 943 1002 1025 exponi,
1022 948 1086 1015 aut,
1100 943 1204 1005 ablata

242 1039 296 1101 vili
316 1038 510 1120 supellectile,
527 1038 560 1099 ia
581 1056 730 1098 summam
750 1037 908 1119 penuriam
929 1037 1033 1119 redigi,
1047 1042 1103 1098 aut
1121 1042 1203 1100 certo

240 1132 309 1194 aliis
329 1138 421 1215 atque
440 1132 509 1208 aliis
522 1168 524 1172 ι
536 1131 758 1193 miserabilibus
782 1130 880 1193 modis
901 1129 994 1211 affligi
1015 1134 1047 1192 et
1066 1130 1201 1194 emsiari.
1303 1203 1305 1208 .

147 1274 151 1284 ,
241 1225 279 1288 ln
309 1246 360 1289 eos
389 1231 492 1288 autem
513 1226 567 1305 qui
588 1225 773 1287 videbantur
792 1223 909 1304 aliquid
930 1224 1040 1285 habero
1062 1242 1143 1286 nova
1169 1230 1202 1286 et

239 1315 428 1403 excogitem·
445 1320 586 1401 qumdam
620 1317 774 1382 sonssacta
814 1317 1043 1399 objiciebantur,
1082 1324 1114 1379 ct
1149 1318 1200 1390 sie,

238 1434 306 1479 cum
327 1415 472 1478 advenas
492 1433 594 1495 rogem
615 1417 704 1475 terrm
724 1411 907 1474 defendendi
931 1432 964 1474 se
985 1411 1131 1493 placitum
1154 1411 1200 1472 in·

239 1509 324 1592 gredi
354 1527 416 1570 non
449 1507 612 1579 audebant,
641 1506 751 1568 ablatis
785 1506 875 1567 rebus
910 1506 982 1578 suis,
1015 1506 1049 1566 in
1075 1525 1200 1586 gravem

240 1597 405 1665 aerumnam
433 1600 660 1681 dejiciebantur.
703 1599 762 1662 Sed
792 1599 858 1662 hmo
886 1599 926 1660 ab
945 1599 1098 1677 aliquibus
1119 1599 1201 1662 levia

240 1697 325 1759 dictu
346 1695 481 1758 iomanis
501 1696 743 1768 mstimabuntur,
763 1713 800 1757 eo
820 1693 901 1776 quod
926 1694 987 1756 ista
1013 1714 1075 1756 aaa
1102 1694 1200 1755 solum

240 1789 297 1851 sub
328 1808 397 1870 rege
426 1787 567 1860 ilenrico,
589 1788 641 1849 sed
672 1795 704 1849 et
732 1788 841 1848 horum
861 1787 974 1849 similia
993 1787 1092 1849 multa
1118 1787 1201 1849 iacta

240 1881 366 1944 luerunt
384 1882 443 1942 sub
462 1881 556 1942 fratre
577 1881 650 1958 ejus,
670 1885 707 1940 ut
727 1880 764 1941 do
785 1887 871 1959 patre
892 1885 1007 1942 taceam
1036 1900 1105 1960 rege
1126 1879 1200 1941 wil.

239 1975 336 2038 lelna.
377 1975 525 2036 Attamen
554 1974 613 2035 ista
645 1973 705 2032 illis
735 1972 877 2054 graviora
907 1979 939 2034 et
963 1973 1200 2035 intolerabiliora

238 2071 304 2130 visa
324 2071 403 2140 suat,
425 2068 567 2148 quoniam
590 2066 687 2128 multo
707 2067 808 2127 minas
829 2065 919 2128 solito
940 2067 1021 2147 quod
1045 2069 1111 2148 jam
1131 2087 1200 2148 spo·

237 2162 319 2224 lintis
348 2168 380 2224 et
410 2161 567 2222 exhaustis
596 2160 766 2221 auferretur
787 2159 1007 2221 inveniebatur.
1048 2161 1098 2221 aa
1126 2161 1199 2223 hmc

82 2264 205 2310 ιιιιιπιω
237 2254 276 2315 In
296 2253 421 2316 concilio
442 2244 647 2314 lundoniensi
669 2253 796 2314 societas
816 2251 985 2324 mulierum,
1000 2257 1037 2313 ut
1057 2252 1090 2313 in
1111 2271 1199 2331 supe·

81 2315 220 2446 mm
237 2346 366 2407 rioribus
400 2345 541 2418 diximus,
576 2344 717 2405 omnibus
751 2343 936 2425 presbyteris
974 2350 1007 2405 et
1047 2345 1199 2408 canonicis

81 2412 206 2501 m·
236 2438 356 2519 Anglim
377 2438 540 2500 interdicta
559 2443 632 2511 orat,
654 2437 813 2519 ipsumque
835 2437 1040 2511 interdictum,
1053 2438 1199 2502 Ansclmo

235 2533 388 2606 exulante,
416 2532 543 2593 retentis
575 2532 624 2591 vel
655 2537 736 2593 carte
767 2532 931 2613 resumptis
960 2531 1147 2606 mulieribus,
1177 2552 1198 2595 a

235 2627 372 2708 pluribus
393 2645 496 2687 eorum
518 2625 667 2686 violatum
692 2626 799 2687 suerat.
842 2626 910 2688 Hae
938 2646 1009 2706 ergo
1038 2627 1196 2708 peecatum

235 2741 289 2784 rex
310 2719 494 2801 impunitum
516 2739 580 2781 esso
600 2739 663 2780 non
684 2720 846 2792 sustineus,
866 2739 936 2782 suos
964 2719 1119 2782 ministros
1146 2742 1197 2784 eos
1208 2737 1328 2792 usam

236 2811 429 2894 implacitare,
450 2819 482 2874 et
503 2812 646 2893 pecunias
674 2831 777 2873 eorum
806 2831 861 2893 pro
888 2811 980 2894 hujus
1001 2814 1117 2895 pcccati
1144 2834 1197 2876 ex·
1355 2813 1357 2816 ’

235 2908 369 2990 piatione
390 2907 534 2990 pracepit
555 2908 695 2988 accipere.
739 2908 800 2969 Sed
822 2905 874 2967 ubi
895 2905 1016 2987 plures⁸
1034 2928 1137 2969 eorum
1158 2911 1198 2971 ab
1305 2932 1309 2937 ·

236 3002 289 3064 ills
308 3003 543 3085 transgressione
564 3007 637 3062 suat
657 3001 807 3063 immunes
831 3000 952 3082 reperti,
973 3001 1102 3082 pecunia
1129 3023 1198 3083 qum

234 3095 273 3158 ad
294 3115 369 3176 opus
390 3095 534 3176 principis
555 3093 747 3173 quaerebatur
767 3094 915 3155 minorem
929 3114 1020 3173 quam
1041 3100 1197 3157 exactores
1305 3141 1308 3147 ·

234 3206 352 3266 sperare
373 3191 515 3268 poterant
535 3187 651 3267 copiam
672 3183 885 3248 ministrabat⁸
908 3186 1118 3267 Quapropter
1131 3209 1198 3250 mu·

235 3284 308 3352 tota,
329 3280 422 3342 immo
441 3299 532 3361 super
553 3280 728 3343 innocentes
748 3298 817 3344 cum
837 3280 1017 3343 nocentibus
1044 3282 1198 3345 sententia

234 3393 331 3449 versa,
363 3395 466 3436 ornnes
501 3374 632 3437 ecelesias
665 3393 732 3454 qua
767 3372 926 3455 parochias
956 3375 1111 3437 habebant
1138 3376 1197 3437 sub
1239 3382 1245 3389 '

233 3466 337 3529 debito
367 3468 473 3550 positas
506 3475 587 3540 sunt,
618 3474 650 3530 et
680 3486 878 3550 mumque,
907 3468 1026 3533 indicta
1059 3471 1196 3551 pecunias

233 3561 414 3642 quantitate,
444 3580 496 3640 per
529 3581 688 3644 personam
723 3582 791 3642 qua
820 3564 854 3623 in
884 3582 922 3624 sa
949 3563 1015 3624 Deo
1043 3563 1197 3627 mrviebat
1317 3611 1321 3618 .

79 3667 187 3766 ω,
233 3652 341 3715 redimi
367 3652 454 3735 jussa
483 3659 538 3716 est.
580 3653 656 3716 Erat
685 3673 757 3737 erge
786 3654 937 3717 miseriam
961 3654 1073 3720 videre.
1114 3654 1195 3720 Cum
1265 3702 1271 3714 .

79 3747 316 3850 twa-renim
336 3747 502 3810 exactionis
529 3748 618 3811 istius
646 3753 809 3832 tempestas
830 3748 972 3823 ferveret,
991 3753 1024 3813 et
1043 3751 1195 3826 nonnulli,

233 3897 1198 3936 ----———-—·--—-—-—-—h——-

264 4005 643 4070 rnre-ramumque&
764 4007 1179 4073 'seeo-manmena

264 4080 374 4143 ΨΜ]
387 4079 513 4141 Μίνω.
523 4082 554 4129 Δ·
