3150 4994
63 460 71 473 ,
173 388 232 470 188
380 398 528 450 maronia
548 395 706 448 noronorr
725 395 762 444 rr
781 393 908 445 isonia

35 595 147 641 amru.
171 572 422 635 mnwmationem
449 569 610 632 Anselmns
637 569 756 642 iaeeret
783 568 983 652 prnsentibns
1016 570 1075 657 eis¹
1094 546 1127 633 ot

17 663 139 755 ..τῇ
171 666 317 749 episeopis
351 664 404 746 qni
430 670 642 737 eonvenerant‚
672 663 766 744 juxta
798 663 976 727 mandatnm
1010 664 1126 727 domini

169 946 268 1019 mosei,
292 963 392 1027 quarn,
412 868 784 1027 ntvslffimeminimns.
805 944 979 1026 perdiderat
1002 945 1034 1008 in
1055 963 1124 1010 eon·

165 1039 236 1102 oilie
256 1038 479 1124 mosomensi·

8 1152 160 1199 οικιιι
209 1137 247 1199 In
269 1134 464 1218 sobsarns'nti
485 1137 577 1200 etiam
605 1137 714 1218 quinta
740 1137 816 1199 feria
842 1134 974 1199 meavit
997 1135 1029 1198 in
1059 1136 1125 1218 ipsa

9 1201 154 1434 git
167 1232 238 1295 sede
259 1231 425 1295 &beorn
447 1229 627 1294 monachum
649 1229 779 1293 ooenobii
802 1228 906 1292 Sancti
922 1228 1004 1290 Petri
1026 1228 1148 1293 Weee·

27 1387 65 1427 η
118 1341 148 1387 ι
166 1326 351 1399 monasterii,
370 1324 410 1388 ad
429 1325 564 1407 regimen
582 1323 714 1385 abbatiss
735 1323 840 1386 Sancti
862 1322 1041 1384 Eadmundi.
1074 1400 1079 1414 Ι

9 1440 93 1532 ω
207 1418 369 1482 Ordinatio
402 1424 503 1482 antem
530 1416 649 1481 abbatis
677 1416 781 1481 Saneti
810 1416 975 1497 Augustini
1002 1436 1057 1498 per
1071 1418 1075 1425 ’
1091 1415 1123 1478 id

9 1486 148 1576 aaa*
167 1513 311 1594 temporis
337 1530 374 1574 ea
399 1530 498 1584 eausav
524 1518 562 1572 nt
595 1511 639 1571 ita
672 1509 810 1583 dixerim,
837 1510 933 1571 dilata
958 1516 1015 1582 est,
1042 1511 1123 1591 quod

10 1577 232 1685 wip„
261 1604 315 1685 qni
342 1603 382 1671 ¹in
414 1602 563 1676 abbatem,
590 1602 705 1664 scilieet
738 1600 830 1683 lingo
857 1601 1022 1665 monachus
1049 1603 1122 1667 Beo-

166 1699 271 1771 oensis‚
298 1698 411 1762 eleetos
443 1701 509 1760 erat
542 1695 675 1757 nondum
710 1713 808 1756 saeros
835 1695 955 1760 ordines
982 1695 1121 1758 habebat

167 1790 334 1854 ordinatos
361 1809 433 1853 vero
465 1795 513 1852 eat
544 1788 583 1850 ad
610 1787 804 1851 diaconatum
831 1786 872 1849 sb
898 1788 1122 1872 archiepiscopo

165 1885 200 1947 in
220 1885 335 1968 oapella
356 1904 412 1947 sna
434 1883 607 1948 cantuarien
630 1901 698 1945 enm
727 1880 832 1943 multis
858 1880 927 1942 aliis
951 1882 982 1944 in
1002 1882 1122 1964 jejunio

167 1979 285 2060 septimi
306 1979 426 2061 mensis,
446 1982 478 2040 et
501 1978 574 2038 item
596 1975 635 2036 ad
662 1974 904 2054 presbyteratum
926 1993 946 2037 a
968 1976 1121 2041 Willeimo

164 2071 327 2133 Exoniensi
354 2070 492 2152 episeopo
525 2069 557 2129 in
591 2067 696 2131 eadem
726 2067 842 2148 eapella
864 2066 984 2150 jejunio
1010 2070 1120 2136 ‹leeimi

162 2164 280 2228 meanis
317 2163 478 2227 Anselmns
493 2162 574 2226 enim
596 2161 814 2236 intimabatur,
841 2170 875 2225 et
897 2166 1009 2245 partim
1024 2186 1062 2230 ea
1079 2188 1120 2242 m,

162 2260 272 2342 partim
306 2264 428 2340 proptor
454 2257 614 2319 imminens
641 2257 752 2317 festum
784 2255 968 2320 Nativitatis
995 2258 1120 2335 (sitisti

162 2352 356 2417 Oantnariam
383 2351 423 2414 ad
450 2350 628 2413 anselmum
655 2350 735 2412 idem
759 2351 916 2433 episeopus
938 2353 1043 2434 jumne
1067 2347 1120 2419 ve·

162 2456 255 2511 norat
296 2448 369 2510 Post
395 2445 462 2509 hmo
487 2465 556 2508 enm
585 2444 746 2506 anselmus
773 2446 994 2509 ordinationem
1022 2448 1119 2529 ipsios

4 2516 100 2625 ηιξ
161 2540 280 2602 abbatis
302 2539 465 2602 aeoelerare
487 2537 587 2609 vellet,
609 2557 645 2599 eo
667 2537 747 2617 quod
769 2557 817 2599 res
843 2539 974 2602 eoelosioe
997 2560 1117 2622 pessum

2 2607 151 2701 Q*
161 2634 254 2706 ibant,
278 2640 310 2695 et
332 2631 468 2715 qnotidie
490 2631 522 2692 in
544 2631 591 2692 sni
621 2630 852 2693 diminutionem
874 2631 958 2695 intus
977 2640 1010 2698 et
1029 2643 1119 2698 extra
1129 2635 1251 2692 “ant

160 2728 347 2800 decidebam,
371 2725 470 2787 voluit
493 2730 530 2785 ut
552 2725 715 2805 praedietus
737 2725 894 2805 episeopus
916 2747 985 2787 eum
1007 2729 1041 2790 in
1063 2731 1117 2793 ab·

159 2821 261 2884 batem
297 2820 337 2882 ad
372 2819 467 2880 altars
506 2817 622 2880 Christi
659 2816 835 2879 Oantnarim
875 2819 1048 2896 solenniter,
1085 2844 1118 2888 se
1187 2870 1191 2878 .

159 2923 286 2986 asmata,
315 2916 510 2976 oonseoraret
566 2911 626 2972 Sed
654 2911 706 2970 nbi
735 2911 890 2972 monachis
919 2911 1024 2976 Saneti
1051 2917 1117 2978 An·

160 3007 275 3088 gnatini
298 3026 346 3068 res
368 3005 513 3075 innotuit,
533 3003 573 3064 ad
595 3004 861 3065 eontradieendnm
885 3005 1012 3069 animati
1034 3014 1115 3073 sunt

161 3099 242 3162 Nam
277 3099 429 3162 eeclesiam
463 3116 549 3158 snam
584 3097 745 3178 privilegia
777 3095 888 3189 habere
920 3102 1117 3165 commentati

160 3197 241 3263 mart,
267 3211 321 3272 per
353 3210 422 3270 qum
454 3190 595 3252 abbatem
629 3209 718 3250 sunm
752 3190 872 3251 nonnisi
904 3192 938 3252 in
964 3192 1035 3255 seda
1062 3212 1118 3256 sna

159 3284 293 3346 ordinari
327 3282 434 3346 debere
466 3282 627 3344 manifesta
659 3281 841 3364 allegatione
870 3301 903 3346 se
937 3283 1117 3366 probaturos

159 3385 357 3443 auemsrnnt
398 3378 530 3442 Duravit
555 3384 657 3441 autem
684 3376 750 3442 haee
776 3378 882 3442 tabula
908 3379 1028 3444 illorum
1051 3382 1115 3447 die·

160 3475 217 3537 bns
247 3473 407 3545 nonnullis,
435 3474 578 3534 Anselmo
610 3472 785 3534 nullatenus
817 3474 977 3535 assertioni
1010 3494 1114 3538 eornm

15 3582 135 3631 una
158 3567 262 3631 eadere
284 3565 412 3628 volente
461 3565 595 3626 Tandem
615 3565 648 3626 in
670 3565 759 3627 initio
779 3566 1024 3650 quadragesima,
1044 3588 1115 3634 enm

159 3659 321 3725 amma·
339 3659 432 3742 juxta
456 3659 643 3722 Lnndoniam
667 3680 721 3741 pro
742 3659 890 3742 ooiloqnio
910 3662 991 3745 regis
1013 3665 1115 3729 vania·

158 3760 214 3827 ast,
236 3753 360 3834 qnidam
383 3771 423 3813 ax
445 3751 519 3832 ipsis
539 3751 693 3813 monachis
716 3770 792 3833 qnos
818 3752 859 3814 ad
882 3772 947 3816 sem
972 3772 1115 3819 exsomn-

158 3846 229 3910 dan
255 3844 279 3907 ii
305 3844 360 3927 qni
386 3843 469 3907 dorni
496 3851 702 3907 remanserant
727 3844 795 3928 pari
820 3850 895 3910 voto
921 3843 1048 3913 destos
1077 3867 1115 3914 eo

159 3941 340 4013 dimxsrant
363 3938 481 4002 omini·
504 3938 670 4020 privilegiis
690 3939 763 4014 mis,
785 3960 855 4022 qno
872 3940 959 4004 mdia
982 3940 1031 4005 vd
1051 3959 1116 4007 non
