3136 4890
143 482 185 542 28
359 494 507 542 nrsronrr
529 493 684 542 uovonuu
707 493 741 539 m
763 471 911 539 incorr(

34 679 121 722 ·rara
144 684 230 726 moro
257 664 380 727 veniret
435 665 504 727 “Et
537 665 562 726 si
592 663 706 735 timorss’
736 661 857 744 inquit‚¹
889 667 905 695 “
919 658 1102 742 suscipiendi

146 765 162 792 '¹
183 758 453 839 archiepiscopatus
483 779 521 820 no
544 758 648 820 veniat
678 776 747 818 eum
778 755 905 829 detinet,
926 751 1044 815 fateor²
1071 754 1104 812 in

146 856 163 884 ‘¹
185 850 244 912 fido
264 872 330 912 mea
351 852 493 931 quoniam
518 851 548 911 id
577 850 656 930 quod
680 869 781 910 rumor
805 849 876 910 inde
899 849 999 927 jactat
1027 846 1105 907 nihil

146 951 163 976 “
183 949 237 1013 est,
257 963 292 1004 ac
319 964 372 1023 per
398 943 455 1005 hoc
482 942 623 1004 indecens
650 942 715 1020 ejus
743 942 899 1003 sanctitati
928 961 993 1002 esee
1020 940 1106 1010 sciat,

146 1044 163 1069 “
183 1038 207 1096 si
237 1035 332 1097 nihilo
358 1042 462 1098 tentus
491 1056 609 1118 magnm
639 1056 712 1098 mem
744 1035 916 1098 necessitati
945 1035 1106 1095 subvenire

147 1137 163 1162 ‘⁴
185 1129 356 1191 detrectat”
398 1130 517 1193 Perstat
544 1130 595 1192 iilo
623 1131 655 1191 iu
683 1150 744 1192 non
767 1130 926 1201 veniendo,
947 1135 979 1191 et
1006 1148 1105 1190 comes

1 1256 3 1261 ·
57 1237 119 1315 g*
145 1241 230 1302 reque
253 1228 409 1303 permanet
431 1225 463 1284 in
488 1224 674 1303 requirendo,
715 1221 818 1285 Tertio
845 1224 950 1303 itaquo
977 1221 1104 1284 mandat

145 1314 190 1377 illi
221 1315 292 1389 hrcc,
322 1317 382 1378 “Si
414 1337 474 1378 non
503 1318 630 1390 veneris,
651 1338 755 1379 revera
776 1318 897 1378 noveris
926 1318 999 1397 quia
1026 1335 1104 1377 nun·

133 1414 163 1443 '⁸⁴
183 1429 273 1490 quam
295 1410 327 1470 iu
348 1411 413 1471 vita
433 1417 547 1471 aeterna
574 1411 606 1471 in
628 1416 715 1471 tanta
734 1411 837 1490 requie
858 1412 924 1483 cris,
945 1413 1019 1491 quin
1040 1431 1106 1490 per·

39 1538 42 1545 2
76 1513 95 1554 ἰ
147 1509 163 1536 ⁸¹
184 1509 275 1583 petuo
309 1502 409 1565 doleas
443 1510 474 1565 te
508 1504 547 1564 ad
582 1523 629 1565 me
664 1523 724 1565 non
755 1504 897 1566 venisse?
938 1504 1026 1580 Quod
1054 1504 1104 1564 illo

0 1560 113 1648 ‘ni'
146 1594 280 1667 merens,
315 1597 522 1677 “samsonn
553 1598 605 1668 arr,
635 1597 734 1657 “mm
766 1602 839 1658 sune
872 1597 1013 1678 unoque.
1041 1647 1044 1651 q
1070 1596 1104 1656 εἰ

146 1696 163 1722 “
185 1689 325 1770 hugliam
346 1690 438 1762 ivero,
458 1709 563 1752 vereor
582 1710 620 1751 ne
640 1690 689 1753 eui
711 1711 764 1771 per
783 1690 841 1753 hoc
861 1710 956 1772 prava
975 1690 1106 1771 suspicio

146 1790 164 1816 ‘⁴
184 1790 329 1864 surrepat,
350 1791 382 1846 ct
411 1804 459 1845 me
488 1804 579 1846 eausa
605 1785 805 1865 consequendi
833 1785 1106 1866 archiepiscopatus

146 1881 165 1910 '¹
185 1875 256 1939 iiluc
277 1879 319 1938 ire
340 1880 501 1940 existimet
544 1879 578 1939 Si
607 1897 667 1938 non
688 1880 779 1950 ivero,
800 1879 942 1940 iraternm
971 1879 1106 1941 caritatis

145 1976 163 2004 ‘⁴
185 1970 313 2032 violator
332 1991 392 2044 ero,
413 1992 502 2052 quarn
524 1971 645 2051 quidem
667 1991 728 2032 non
749 1972 845 2032 solum
876 1973 972 2034 amieo
999 1994 1104 2035 verum

146 2070 163 2096 ‘⁴
184 2064 326 2124 exhibere
342 2064 486 2143 jubemur
514 2070 546 2124 et
569 2063 696 2124 inimico.
741 2065 817 2137 Qum
837 2064 967 2144 denique
987 2067 1012 2124 si
1035 2086 1106 2147 orgo

145 2164 163 2189 ‘⁸
185 2157 337 2219 inimicum
362 2157 473 2218 violata
494 2164 649 2236 peccatum
670 2161 724 2227 est,
745 2177 817 2236 erga
840 2158 970 2220 ornicum
992 2158 1106 2220 violatu

145 2256 163 2283 '¹
183 2250 257 2330 quid
277 2253 345 2310 esti
385 2249 427 2309 Et
453 2256 533 2310 certe
561 2250 675 2310 amicus
702 2270 786 2310 meus
807 2249 964 2311 familiaris
984 2251 1024 2311 nh
1051 2271 1105 2312 nn-

145 2350 162 2377 ··
183 2344 268 2423 tique
288 2362 385 2405 comes
406 2343 574 2406 cestrensis
602 2344 693 2424 Hugo
714 2343 784 2415 ruit,
804 2345 857 2424 qui
878 2344 937 2406 mei
959 2363 1048 2416 nunc,
1069 2350 1106 2406 ut

142 2443 160 2471 ‘⁴
181 2437 263 2511 dicit,
284 2437 408 2518 indiget
450 2437 489 2497 In
517 2439 696 2499 necessitate
727 2438 873 2519 probetur
902 2439 1026 2500 amicus.
1070 2439 1104 2500 Si

141 2536 160 2564 ⁴⁸
180 2551 251 2611 ergo
270 2537 393 2612 propter
413 2531 565 2611 obliquum
586 2551 677 2611 quam
708 2533 740 2591 in
770 2552 817 2593 mo
844 2532 947 2593 forsan
968 2532 1105 2594 homines

140 2633 159 2658 ‘¹
180 2623 289 2687 habere
317 2630 444 2707 possunt
470 2624 642 2705 opinionem
671 2626 768 2687 amico
789 2646 855 2687 meo
877 2627 908 2687 in
929 2646 985 2689 sua
1004 2647 1103 2689 neces·
1118 2633 1227 2685 mu

141 2726 160 2752 ⁴¹
180 2719 269 2779 nitate
300 2738 361 2779 non
390 2738 538 2789 succurro,
559 2739 659 2779 meum
688 2726 803 2780 certum
834 2740 889 2800 pro
917 2720 1010 2780 dubio
1030 2721 1104 2780 alio·

142 2820 159 2845 “
181 2832 247 2872 rum
269 2819 422 2893 peceatum
444 2813 571 2875 incurro.
613 2813 836 2875 Commemlnns
862 2813 955 2894 igitur
982 2835 1029 2876 nro
1057 2821 1103 2874 ot-

142 2914 159 2939 “
181 2925 239 2985 que
273 2925 370 2967 meam
404 2907 620 2968 conscientiam
654 2906 695 2967 ab
729 2907 826 2967 omni·
844 2907 953 2967 terreni
983 2907 1104 2967 honoris

141 3007 159 3032 “
181 2999 346 3061 ambitione
366 3019 492 3061 vacuam
514 2999 587 3072 Deo,
602 3019 725 3080 pergam
746 3008 883 3080 respectu
904 3002 1001 3064 suncti
1022 3021 1105 3062 amo·

142 3101 159 3125 ⁸⁴
182 3092 224 3152 ris
243 3092 307 3172 ejus
328 3113 440 3154 morem
462 3112 563 3173 gerere
584 3093 680 3155 amico
695 3113 768 3154 meo.
812 3093 929 3155 (intera
943 3093 1007 3174 ipso
1021 3094 1105 3155 Deus

142 3195 163 3222 ⁴·
184 3191 264 3263 agat,
283 3192 316 3247 et
336 3205 392 3256 nro,
413 3185 498 3247 salva
517 3188 617 3267 gratia
637 3206 700 3258 sua.
722 3186 762 3247 ab
782 3188 864 3249 omni
885 3188 1038 3250 saeoularis
1051 3207 1105 3249 no·

142 3287 160 3312 ⁸¹
181 3278 258 3358 getii
287 3277 504 3358 impedimento
534 3298 589 3360 pro
619 3299 675 3341 sua
706 3279 910 3342 misericordia
940 3282 1105 3343 immunem

142 3379 161 3406 '¹
181 3369 359 3432 custodiat”
400 3371 573 3451 Exigebant
593 3361 789 3434 etiamtunc
809 3375 954 3454 temporis
975 3374 1105 3436 ccclesiae

141 3484 208 3527 suas
228 3464 366 3544 quaedam
388 3464 476 3525 valde
497 3466 671 3527 neeoemnae
690 3486 787 3529 murm
812 3473 848 3529 ut
868 3468 1010 3549 Angiiam
1039 3489 1105 3550 per·

141 3564 236 3642 geret,
256 3558 317 3629 aed.
338 3557 467 3639 prototo
495 3558 580 3620 illum
612 3559 770 3622 cohibente
791 3580 910 3641 pavore,
938 3560 1023 3621 nulio
1050 3581 1105 3643 pro

139 3652 187 3716 eia
217 3657 305 3731 paeto
336 3650 460 3712 volebat
492 3652 550 3713 iter
581 3653 730 3741 arripere.¹
761 3652 900 3735 Contigit
926 3655 1042 3716 interea
1069 3662 1106 3716 ut

171 3879 612 3940 'bnamma-trachones,
628 3879 966 3943 ooodcmtnpttaodoatt,
981 3882 1107 4029 ἴση

169 4022 282 4087 'saul
297 4023 327 4071 Α.
338 4022 380 4069 has
389 4029 405 4051 ¹⁴
414 4021 489 4070 istaec
500 4022 601 4083 taquttss'
